{
    "symbol": "XYZ",
    "annualReports": [
        {
            "fiscalDateEnding": "2024-12-31",
            "reportedCurrency": "USD",
            "grossProfit": "8889036000",
            "totalRevenue": "24121053000",
            "costOfRevenue": "15232017000",
            "costofGoodsAndServicesSold": "15232017000",
            "operatingIncome": "892327000",
            "sellingGeneralAndAdministrative": "2003591000",
            "researchAndDevelopment": "2914415000",
            "operatingExpenses": "8065073000",
            "investmentIncomeNet": "None",
            "netInterestIncome": "-9302000",
            "interestIncome": "None",
            "interestExpense": "None",
            "nonInterestIncome": "None",
            "otherNonOperatingIncome": "None",
            "depreciation": "None",
            "depreciationAndAmortization": "307763000",
            "incomeBeforeTax": "1357154000",
            "incomeTaxExpense": "-1509343000",
            "interestAndDebtExpense": "None",
            "netIncomeFromContinuingOperations": "2866497000",
            "comprehensiveIncomeNetOfTax": "None",
            "ebit": "1037835000",
            "ebitda": "1345598000",
            "netIncome": "2897047000"
        },
        {
            "fiscalDateEnding": "2023-12-31",
            "reportedCurrency": "USD",
            "grossProfit": "7504886000",
            "totalRevenue": "21915623000",
            "costOfRevenue": "14410737000",
            "costofGoodsAndServicesSold": "14410737000",
            "operatingIncome": "-278839000",
            "sellingGeneralAndAdministrative": "2209190000",
            "researchAndDevelopment": "2720819000",
            "operatingExpenses": "7783725000",
            "investmentIncomeNet": "None",
            "netInterestIncome": "47221000",
            "interestIncome": "None",
            "interestExpense": "47221000",
            "nonInterestIncome": "None",
            "otherNonOperatingIncome": "None",
            "depreciation": "None",
            "depreciationAndAmortization": "419673000",
            "incomeBeforeTax": "-29143000",
            "incomeTaxExpense": "-8019000",
            "interestAndDebtExpense": "None",
            "netIncomeFromContinuingOperations": "-21124000",
            "comprehensiveIncomeNetOfTax": "None",
            "ebit": "-29143000",
            "ebitda": "390530000",
            "netIncome": "9772000"
        },
        {
            "fiscalDateEnding": "2022-12-31",
            "reportedCurrency": "USD",
            "grossProfit": "5991892000",
            "totalRevenue": "17531587000",
            "costOfRevenue": "11539695000",
            "costofGoodsAndServicesSold": "11539695000",
            "operatingIncome": "-577961000",
            "sellingGeneralAndAdministrative": "1686849000",
            "researchAndDevelopment": "2135612000",
            "operatingExpenses": "6569853000",
            "investmentIncomeNet": "None",
            "netInterestIncome": "-36228000",
            "interestIncome": "37229000",
            "interestExpense": "36228000",
            "nonInterestIncome": "None",
            "otherNonOperatingIncome": "95443000",
            "depreciation": "None",
            "depreciationAndAmortization": "470334000",
            "incomeBeforeTax": "-565317000",
            "incomeTaxExpense": "-12312000",
            "interestAndDebtExpense": "None",
            "netIncomeFromContinuingOperations": "-553005000",
            "comprehensiveIncomeNetOfTax": "None",
            "ebit": "-529089000",
            "ebitda": "-58755000",
            "netIncome": "-553005000"
        },
        {
            "fiscalDateEnding": "2021-12-31",
            "reportedCurrency": "USD",
            "grossProfit": "4419823000",
            "totalRevenue": "17661203000",
            "costOfRevenue": "13241380000",
            "costofGoodsAndServicesSold": "13241380000",
            "operatingIncome": "261712000",
            "sellingGeneralAndAdministrative": "983326000",
            "researchAndDevelopment": "1399079000",
            "operatingExpenses": "4187585000",
            "investmentIncomeNet": "None",
            "netInterestIncome": "-33124000",
            "interestIncome": "2369000",
            "interestExpense": "33124000",
            "nonInterestIncome": "None",
            "otherNonOperatingIncome": "29474000",
            "depreciation": "None",
            "depreciationAndAmortization": "217893000",
            "incomeBeforeTax": "157462000",
            "incomeTaxExpense": "-1364000",
            "interestAndDebtExpense": "None",
            "netIncomeFromContinuingOperations": "158826000",
            "comprehensiveIncomeNetOfTax": "None",
            "ebit": "190586000",
            "ebitda": "408479000",
            "netIncome": "166284000"
        },
        {
            "fiscalDateEnding": "2020-12-31",
            "reportedCurrency": "USD",
            "grossProfit": "2733409000",
            "totalRevenue": "9497578000",
            "costOfRevenue": "6764169000",
            "costofGoodsAndServicesSold": "6764169000",
            "operatingIncome": "272910000",
            "sellingGeneralAndAdministrative": "579203000",
            "researchAndDevelopment": "881826000",
            "operatingExpenses": "2752224000",
            "investmentIncomeNet": "None",
            "netInterestIncome": "-56943000",
            "interestIncome": "238354000",
            "interestExpense": "56943000",
            "nonInterestIncome": "None",
            "otherNonOperatingIncome": "291725000",
            "depreciation": "None",
            "depreciationAndAmortization": "154465000",
            "incomeBeforeTax": "215967000",
            "incomeTaxExpense": "2862000",
            "interestAndDebtExpense": "None",
            "netIncomeFromContinuingOperations": "213105000",
            "comprehensiveIncomeNetOfTax": "None",
            "ebit": "272910000",
            "ebitda": "427375000",
            "netIncome": "213105000"
        },
        {
            "fiscalDateEnding": "2019-12-31",
            "reportedCurrency": "USD",
            "grossProfit": "1889685000",
            "totalRevenue": "4713500000",
            "costOfRevenue": "2823815000",
            "costofGoodsAndServicesSold": "2823815000",
            "operatingIncome": "26557000",
            "sellingGeneralAndAdministrative": "436250000",
            "researchAndDevelopment": "670606000",
            "operatingExpenses": "1863128000",
            "investmentIncomeNet": "None",
            "netInterestIncome": "-21516000",
            "interestIncome": "33842000",
            "interestExpense": "21516000",
            "nonInterestIncome": "None",
            "otherNonOperatingIncome": "373172000",
            "depreciation": "None",
            "depreciationAndAmortization": "105294000",
            "incomeBeforeTax": "378213000",
            "incomeTaxExpense": "2767000",
            "interestAndDebtExpense": "None",
            "netIncomeFromContinuingOperations": "375446000",
            "comprehensiveIncomeNetOfTax": "None",
            "ebit": "399729000",
            "ebitda": "505023000",
            "netIncome": "375446000"
        },
        {
            "fiscalDateEnding": "2018-12-31",
            "reportedCurrency": "USD",
            "grossProfit": "1303700000",
            "totalRevenue": "3298177000",
            "costOfRevenue": "1994477000",
            "costofGoodsAndServicesSold": "1994477000",
            "operatingIncome": "-36614000",
            "sellingGeneralAndAdministrative": "339245000",
            "researchAndDevelopment": "497479000",
            "operatingExpenses": "1340314000",
            "investmentIncomeNet": "None",
            "netInterestIncome": "-17982000",
            "interestIncome": "2360000",
            "interestExpense": "17982000",
            "nonInterestIncome": "None",
            "otherNonOperatingIncome": "18469000",
            "depreciation": "None",
            "depreciationAndAmortization": "60961000",
            "incomeBeforeTax": "-36127000",
            "incomeTaxExpense": "2326000",
            "interestAndDebtExpense": "None",
            "netIncomeFromContinuingOperations": "-38453000",
            "comprehensiveIncomeNetOfTax": "None",
            "ebit": "-18145000",
            "ebitda": "42816000",
            "netIncome": "-38453000"
        },
        {
            "fiscalDateEnding": "2017-12-31",
            "reportedCurrency": "USD",
            "grossProfit": "839306000",
            "totalRevenue": "2214253000",
            "costOfRevenue": "1374947000",
            "costofGoodsAndServicesSold": "1374947000",
            "operatingIncome": "-54206000",
            "sellingGeneralAndAdministrative": "250553000",
            "researchAndDevelopment": "321888000",
            "operatingExpenses": "893512000",
            "investmentIncomeNet": "None",
            "netInterestIncome": "-8458000",
            "interestIncome": "8458000",
            "interestExpense": "8458000",
            "nonInterestIncome": "None",
            "otherNonOperatingIncome": "-8458000",
            "depreciation": "None",
            "depreciationAndAmortization": "37279000",
            "incomeBeforeTax": "-62664000",
            "incomeTaxExpense": "149000",
            "interestAndDebtExpense": "None",
            "netIncomeFromContinuingOperations": "-62813000",
            "comprehensiveIncomeNetOfTax": "None",
            "ebit": "12812000",
            "ebitda": "50091000",
            "netIncome": "-62813000"
        },
        {
            "fiscalDateEnding": "2016-12-31",
            "reportedCurrency": "USD",
            "grossProfit": "576038000",
            "totalRevenue": "1708721000",
            "costOfRevenue": "1132683000",
            "costofGoodsAndServicesSold": "1132683000",
            "operatingIncome": "-170453000",
            "sellingGeneralAndAdministrative": "251993000",
            "researchAndDevelopment": "268537000",
            "operatingExpenses": "746491000",
            "investmentIncomeNet": "None",
            "netInterestIncome": "780000",
            "interestIncome": "780000",
            "interestExpense": "780000",
            "nonInterestIncome": "None",
            "otherNonOperatingIncome": "780000",
            "depreciation": "None",
            "depreciationAndAmortization": "37745000",
            "incomeBeforeTax": "-169673000",
            "incomeTaxExpense": "1917000",
            "interestAndDebtExpense": "None",
            "netIncomeFromContinuingOperations": "-171590000",
            "comprehensiveIncomeNetOfTax": "None",
            "ebit": "-129553000",
            "ebitda": "-91808000",
            "netIncome": "-171590000"
        },
        {
            "fiscalDateEnding": "2015-12-31",
            "reportedCurrency": "USD",
            "grossProfit": "370030000",
            "totalRevenue": "1267118000",
            "costOfRevenue": "897088000",
            "costofGoodsAndServicesSold": "897088000",
            "operatingIncome": "-174458000",
            "sellingGeneralAndAdministrative": "143466000",
            "researchAndDevelopment": "199638000",
            "operatingExpenses": "544488000",
            "investmentIncomeNet": "None",
            "netInterestIncome": "None",
            "interestIncome": "2986000",
            "interestExpense": "1163000",
            "nonInterestIncome": "None",
            "otherNonOperatingIncome": "None",
            "depreciation": "None",
            "depreciationAndAmortization": "27626000",
            "incomeBeforeTax": "-176071000",
            "incomeTaxExpense": "3746000",
            "interestAndDebtExpense": "None",
            "netIncomeFromContinuingOperations": "-179817000",
            "comprehensiveIncomeNetOfTax": "None",
            "ebit": "-120449000",
            "ebitda": "-92823000",
            "netIncome": "-179817000"
        },
        {
            "fiscalDateEnding": "2014-12-31",
            "reportedCurrency": "USD",
            "grossProfit": "226074000",
            "totalRevenue": "850192000",
            "costOfRevenue": "624118000",
            "costofGoodsAndServicesSold": "624118000",
            "operatingIncome": "-150491000",
            "sellingGeneralAndAdministrative": "94220000",
            "researchAndDevelopment": "144637000",
            "operatingExpenses": "376565000",
            "investmentIncomeNet": "None",
            "netInterestIncome": "None",
            "interestIncome": "None",
            "interestExpense": "0",
            "nonInterestIncome": "None",
            "otherNonOperatingIncome": "None",
            "depreciation": "None",
            "depreciationAndAmortization": "18586000",
            "incomeBeforeTax": "-152653000",
            "incomeTaxExpense": "1440000",
            "interestAndDebtExpense": "None",
            "netIncomeFromContinuingOperations": "-154093000",
            "comprehensiveIncomeNetOfTax": "None",
            "ebit": "-126410000",
            "ebitda": "-107824000",
            "netIncome": "-154093000"
        },
        {
            "fiscalDateEnding": "2013-12-31",
            "reportedCurrency": "USD",
            "grossProfit": "128785000",
            "totalRevenue": "552433000",
            "costOfRevenue": "423648000",
            "costofGoodsAndServicesSold": "423648000",
            "operatingIncome": "-104942000",
            "sellingGeneralAndAdministrative": "68942000",
            "researchAndDevelopment": "82864000",
            "operatingExpenses": "231297000",
            "investmentIncomeNet": "None",
            "netInterestIncome": "None",
            "interestIncome": "None",
            "interestExpense": "0",
            "nonInterestIncome": "None",
            "otherNonOperatingIncome": "None",
            "depreciation": "None",
            "depreciationAndAmortization": "8272000",
            "incomeBeforeTax": "-103980000",
            "incomeTaxExpense": "513000",
            "interestAndDebtExpense": "None",
            "netIncomeFromContinuingOperations": "None",
            "comprehensiveIncomeNetOfTax": "None",
            "ebit": "-87183000",
            "ebitda": "-78911000",
            "netIncome": "-104493000"
        },
        {
            "fiscalDateEnding": "2012-12-31",
            "reportedCurrency": "USD",
            "grossProfit": "64551000",
            "totalRevenue": "203449000",
            "costOfRevenue": "138898000",
            "costofGoodsAndServicesSold": "138898000",
            "operatingIncome": "-85361000",
            "sellingGeneralAndAdministrative": "36184000",
            "researchAndDevelopment": "46568000",
            "operatingExpenses": "149912000",
            "investmentIncomeNet": "None",
            "netInterestIncome": "None",
            "interestIncome": "None",
            "interestExpense": "0",
            "nonInterestIncome": "None",
            "otherNonOperatingIncome": "None",
            "depreciation": "None",
            "depreciationAndAmortization": "3579000",
            "incomeBeforeTax": "-85199000",
            "incomeTaxExpense": "-162000",
            "interestAndDebtExpense": "None",
            "netIncomeFromContinuingOperations": "None",
            "comprehensiveIncomeNetOfTax": "None",
            "ebit": "-74849000",
            "ebitda": "-71270000",
            "netIncome": "-85199000"
        }
    ],
    "quarterlyReports": [
        {
            "fiscalDateEnding": "2025-03-31",
            "reportedCurrency": "USD",
            "grossProfit": "2289603000",
            "totalRevenue": "5771796000",
            "costOfRevenue": "3482193000",
            "costofGoodsAndServicesSold": "3482193000",
            "operatingIncome": "329302000",
            "sellingGeneralAndAdministrative": "491797000",
            "researchAndDevelopment": "760699000",
            "operatingExpenses": "1960301000",
            "investmentIncomeNet": "None",
            "netInterestIncome": "-17243000",
            "interestIncome": "None",
            "interestExpense": "17243000",
            "nonInterestIncome": "None",
            "otherNonOperatingIncome": "None",
            "depreciation": "None",
            "depreciationAndAmortization": "88948000",
            "incomeBeforeTax": "227050000",
            "incomeTaxExpense": "38328000",
            "interestAndDebtExpense": "None",
            "netIncomeFromContinuingOperations": "188722000",
            "comprehensiveIncomeNetOfTax": "None",
            "ebit": "244293000",
            "ebitda": "333241000",
            "netIncome": "189872000"
        },
        {
            "fiscalDateEnding": "2024-12-31",
            "reportedCurrency": "USD",
            "grossProfit": "2326960000",
            "totalRevenue": "6032561000",
            "costOfRevenue": "3705601000",
            "costofGoodsAndServicesSold": "3705601000",
            "operatingIncome": "13013000",
            "sellingGeneralAndAdministrative": "635208000",
            "researchAndDevelopment": "838059000",
            "operatingExpenses": "2313947000",
            "investmentIncomeNet": "None",
            "netInterestIncome": "-16107000",
            "interestIncome": "None",
            "interestExpense": "16107000",
            "nonInterestIncome": "None",
            "otherNonOperatingIncome": "None",
            "depreciation": "None",
            "depreciationAndAmortization": "73316000",
            "incomeBeforeTax": "277794000",
            "incomeTaxExpense": "-1646875000",
            "interestAndDebtExpense": "None",
            "netIncomeFromContinuingOperations": "1924669000",
            "comprehensiveIncomeNetOfTax": "None",
            "ebit": "106221000",
            "ebitda": "179537000",
            "netIncome": "1946020000"
        },
        {
            "fiscalDateEnding": "2024-09-30",
            "reportedCurrency": "USD",
            "grossProfit": "2249685000",
            "totalRevenue": "5975801000",
            "costOfRevenue": "3726116000",
            "costofGoodsAndServicesSold": "3726116000",
            "operatingIncome": "323009000",
            "sellingGeneralAndAdministrative": "475855000",
            "researchAndDevelopment": "710983000",
            "operatingExpenses": "1926676000",
            "investmentIncomeNet": "None",
            "netInterestIncome": "-13811000",
            "interestIncome": "None",
            "interestExpense": "13811000",
            "nonInterestIncome": "None",
            "otherNonOperatingIncome": "None",
            "depreciation": "None",
            "depreciationAndAmortization": "92706000",
            "incomeBeforeTax": "324147000",
            "incomeTaxExpense": "43011000",
            "interestAndDebtExpense": "None",
            "netIncomeFromContinuingOperations": "281136000",
            "comprehensiveIncomeNetOfTax": "None",
            "ebit": "515071000",
            "ebitda": "607777000",
            "netIncome": "283754000"
        },
        {
            "fiscalDateEnding": "2024-06-30",
            "reportedCurrency": "USD",
            "grossProfit": "2233480000",
            "totalRevenue": "6155563000",
            "costOfRevenue": "3922083000",
            "costofGoodsAndServicesSold": "3922083000",
            "operatingIncome": "532528000",
            "sellingGeneralAndAdministrative": "473568000",
            "researchAndDevelopment": "713163000",
            "operatingExpenses": "1660139000",
            "investmentIncomeNet": "None",
            "netInterestIncome": "1871000",
            "interestIncome": "1871000",
            "interestExpense": "None",
            "nonInterestIncome": "None",
            "otherNonOperatingIncome": "None",
            "depreciation": "None",
            "depreciationAndAmortization": "96903000",
            "incomeBeforeTax": "248901000",
            "incomeTaxExpense": "59029000",
            "interestAndDebtExpense": "None",
            "netIncomeFromContinuingOperations": "189872000",
            "comprehensiveIncomeNetOfTax": "None",
            "ebit": "498374000",
            "ebitda": "595277000",
            "netIncome": "195268000"
        },
        {
            "fiscalDateEnding": "2024-03-31",
            "reportedCurrency": "USD",
            "grossProfit": "2051191000",
            "totalRevenue": "5957128000",
            "costOfRevenue": "3862655000",
            "costofGoodsAndServicesSold": "3862655000",
            "operatingIncome": "447984000",
            "sellingGeneralAndAdministrative": "471260000",
            "researchAndDevelopment": "720574000",
            "operatingExpenses": "1603207000",
            "investmentIncomeNet": "None",
            "netInterestIncome": "18745000",
            "interestIncome": "18745000",
            "interestExpense": "None",
            "nonInterestIncome": "None",
            "otherNonOperatingIncome": "None",
            "depreciation": "None",
            "depreciationAndAmortization": "97640000",
            "incomeBeforeTax": "506312000",
            "incomeTaxExpense": "35492000",
            "interestAndDebtExpense": "None",
            "netIncomeFromContinuingOperations": "470820000",
            "comprehensiveIncomeNetOfTax": "None",
            "ebit": "415472000",
            "ebitda": "513112000",
            "netIncome": "472005000"
        },
        {
            "fiscalDateEnding": "2023-12-31",
            "reportedCurrency": "USD",
            "grossProfit": "2025752000",
            "totalRevenue": "5773042000",
            "costOfRevenue": "3747290000",
            "costofGoodsAndServicesSold": "3747290000",
            "operatingIncome": "-130652000",
            "sellingGeneralAndAdministrative": "746187000",
            "researchAndDevelopment": "685422000",
            "operatingExpenses": "1980746000",
            "investmentIncomeNet": "None",
            "netInterestIncome": "18701000",
            "interestIncome": "None",
            "interestExpense": "18701000",
            "nonInterestIncome": "None",
            "otherNonOperatingIncome": "None",
            "depreciation": "None",
            "depreciationAndAmortization": "105324000",
            "incomeBeforeTax": "106012000",
            "incomeTaxExpense": "-51792000",
            "interestAndDebtExpense": "None",
            "netIncomeFromContinuingOperations": "157804000",
            "comprehensiveIncomeNetOfTax": "None",
            "ebit": "106012000",
            "ebitda": "211336000",
            "netIncome": "178070000"
        },
        {
            "fiscalDateEnding": "2023-09-30",
            "reportedCurrency": "USD",
            "grossProfit": "1898449000",
            "totalRevenue": "5617493000",
            "costOfRevenue": "3719044000",
            "costofGoodsAndServicesSold": "3719044000",
            "operatingIncome": "-9908000",
            "sellingGeneralAndAdministrative": "480885000",
            "researchAndDevelopment": "713788000",
            "operatingExpenses": "1908357000",
            "investmentIncomeNet": "None",
            "netInterestIncome": "21415000",
            "interestIncome": "20832000",
            "interestExpense": "21415000",
            "nonInterestIncome": "None",
            "otherNonOperatingIncome": "None",
            "depreciation": "None",
            "depreciationAndAmortization": "115518000",
            "incomeBeforeTax": "15769000",
            "incomeTaxExpense": "49529000",
            "interestAndDebtExpense": "None",
            "netIncomeFromContinuingOperations": "-33760000",
            "comprehensiveIncomeNetOfTax": "None",
            "ebit": "167430000",
            "ebitda": "282948000",
            "netIncome": "-28954000"
        },
        {
            "fiscalDateEnding": "2023-06-30",
            "reportedCurrency": "USD",
            "grossProfit": "1866101000",
            "totalRevenue": "5534957000",
            "costOfRevenue": "3668856000",
            "costofGoodsAndServicesSold": "3668856000",
            "operatingIncome": "-132107000",
            "sellingGeneralAndAdministrative": "549293000",
            "researchAndDevelopment": "694672000",
            "operatingExpenses": "1998208000",
            "investmentIncomeNet": "None",
            "netInterestIncome": "3944000",
            "interestIncome": "2574000",
            "interestExpense": "3944000",
            "nonInterestIncome": "None",
            "otherNonOperatingIncome": "-1379000",
            "depreciation": "None",
            "depreciationAndAmortization": "164628000",
            "incomeBeforeTax": "-129542000",
            "incomeTaxExpense": "-3700000",
            "interestAndDebtExpense": "None",
            "netIncomeFromContinuingOperations": "-125842000",
            "comprehensiveIncomeNetOfTax": "None",
            "ebit": "-22419000",
            "ebitda": "142209000",
            "netIncome": "-122506000"
        },
        {
            "fiscalDateEnding": "2023-03-31",
            "reportedCurrency": "USD",
            "grossProfit": "1714584000",
            "totalRevenue": "4990131000",
            "costOfRevenue": "3275547000",
            "costofGoodsAndServicesSold": "3275547000",
            "operatingIncome": "-6172000",
            "sellingGeneralAndAdministrative": "432825000",
            "researchAndDevelopment": "626937000",
            "operatingExpenses": "1720756000",
            "investmentIncomeNet": "None",
            "netInterestIncome": "3161000",
            "interestIncome": "11724000",
            "interestExpense": "3161000",
            "nonInterestIncome": "None",
            "otherNonOperatingIncome": "-18371000",
            "depreciation": "None",
            "depreciationAndAmortization": "117506000",
            "incomeBeforeTax": "-21382000",
            "incomeTaxExpense": "-2056000",
            "interestAndDebtExpense": "None",
            "netIncomeFromContinuingOperations": "-19326000",
            "comprehensiveIncomeNetOfTax": "None",
            "ebit": "97391000",
            "ebitda": "214897000",
            "netIncome": "-19326000"
        },
        {
            "fiscalDateEnding": "2022-12-31",
            "reportedCurrency": "USD",
            "grossProfit": "1660195000",
            "totalRevenue": "4650902000",
            "costOfRevenue": "2990707000",
            "costofGoodsAndServicesSold": "2990707000",
            "operatingIncome": "-126190000",
            "sellingGeneralAndAdministrative": "451543000",
            "researchAndDevelopment": "604524000",
            "operatingExpenses": "1786385000",
            "investmentIncomeNet": "None",
            "netInterestIncome": "-1472000",
            "interestIncome": "28071000",
            "interestExpense": "1472000",
            "nonInterestIncome": "None",
            "otherNonOperatingIncome": "24407000",
            "depreciation": "None",
            "depreciationAndAmortization": "149760000",
            "incomeBeforeTax": "-112246000",
            "incomeTaxExpense": "5375000",
            "interestAndDebtExpense": "None",
            "netIncomeFromContinuingOperations": "-117621000",
            "comprehensiveIncomeNetOfTax": "None",
            "ebit": "-169627000",
            "ebitda": "-19867000",
            "netIncome": "-117621000"
        },
        {
            "fiscalDateEnding": "2022-09-30",
            "reportedCurrency": "USD",
            "grossProfit": "1567089000",
            "totalRevenue": "4515541000",
            "costOfRevenue": "2948452000",
            "costofGoodsAndServicesSold": "2948452000",
            "operatingIncome": "-28372000",
            "sellingGeneralAndAdministrative": "395437000",
            "researchAndDevelopment": "548037000",
            "operatingExpenses": "1614259000",
            "investmentIncomeNet": "None",
            "netInterestIncome": "-6042000",
            "interestIncome": "6754000",
            "interestExpense": "6042000",
            "nonInterestIncome": "None",
            "otherNonOperatingIncome": "18798000",
            "depreciation": "None",
            "depreciationAndAmortization": "111808000",
            "incomeBeforeTax": "-36033000",
            "incomeTaxExpense": "-17289000",
            "interestAndDebtExpense": "None",
            "netIncomeFromContinuingOperations": "-18744000",
            "comprehensiveIncomeNetOfTax": "None",
            "ebit": "77329000",
            "ebitda": "189137000",
            "netIncome": "-18744000"
        },
        {
            "fiscalDateEnding": "2022-06-30",
            "reportedCurrency": "USD",
            "grossProfit": "1469648000",
            "totalRevenue": "4404499000",
            "costOfRevenue": "2934851000",
            "costofGoodsAndServicesSold": "2934851000",
            "operatingIncome": "-177812000",
            "sellingGeneralAndAdministrative": "395720000",
            "researchAndDevelopment": "524827000",
            "operatingExpenses": "1647460000",
            "investmentIncomeNet": "None",
            "netInterestIncome": "-12966000",
            "interestIncome": "18081000",
            "interestExpense": "12966000",
            "nonInterestIncome": "None",
            "otherNonOperatingIncome": "18766000",
            "depreciation": "None",
            "depreciationAndAmortization": "116014000",
            "incomeBeforeTax": "-207973000",
            "incomeTaxExpense": "1304000",
            "interestAndDebtExpense": "None",
            "netIncomeFromContinuingOperations": "-209277000",
            "comprehensiveIncomeNetOfTax": "None",
            "ebit": "-184221000",
            "ebitda": "-68207000",
            "netIncome": "-209277000"
        },
        {
            "fiscalDateEnding": "2022-03-31",
            "reportedCurrency": "USD",
            "grossProfit": "1294960000",
            "totalRevenue": "3960645000",
            "costOfRevenue": "2665685000",
            "costofGoodsAndServicesSold": "2665685000",
            "operatingIncome": "-226789000",
            "sellingGeneralAndAdministrative": "444276000",
            "researchAndDevelopment": "484761000",
            "operatingExpenses": "1521749000",
            "investmentIncomeNet": "None",
            "netInterestIncome": "-15748000",
            "interestIncome": "33993000",
            "interestExpense": "15748000",
            "nonInterestIncome": "None",
            "otherNonOperatingIncome": "33472000",
            "depreciation": "None",
            "depreciationAndAmortization": "92752000",
            "incomeBeforeTax": "-209065000",
            "incomeTaxExpense": "-1702000",
            "interestAndDebtExpense": "None",
            "netIncomeFromContinuingOperations": "-207363000",
            "comprehensiveIncomeNetOfTax": "None",
            "ebit": "-158335000",
            "ebitda": "-65583000",
            "netIncome": "-207363000"
        },
        {
            "fiscalDateEnding": "2021-12-31",
            "reportedCurrency": "USD",
            "grossProfit": "1182043000",
            "totalRevenue": "4078534000",
            "costOfRevenue": "2896491000",
            "costofGoodsAndServicesSold": "2896491000",
            "operatingIncome": "-57234000",
            "sellingGeneralAndAdministrative": "298921000",
            "researchAndDevelopment": "395841000",
            "operatingExpenses": "1236657000",
            "investmentIncomeNet": "None",
            "netInterestIncome": "-12998000",
            "interestIncome": "18513000",
            "interestExpense": "12998000",
            "nonInterestIncome": "None",
            "otherNonOperatingIncome": "-6775000",
            "depreciation": "None",
            "depreciationAndAmortization": "60210000",
            "incomeBeforeTax": "-74387000",
            "incomeTaxExpense": "6597000",
            "interestAndDebtExpense": "None",
            "netIncomeFromContinuingOperations": "-80984000",
            "comprehensiveIncomeNetOfTax": "None",
            "ebit": "-61389000",
            "ebitda": "-1179000",
            "netIncome": "-80984000"
        },
        {
            "fiscalDateEnding": "2021-09-30",
            "reportedCurrency": "USD",
            "grossProfit": "1133215000",
            "totalRevenue": "3844727000",
            "costOfRevenue": "2711512000",
            "costofGoodsAndServicesSold": "2711512000",
            "operatingIncome": "22996000",
            "sellingGeneralAndAdministrative": "267476000",
            "researchAndDevelopment": "366587000",
            "operatingExpenses": "1104219000",
            "investmentIncomeNet": "None",
            "netInterestIncome": "-13409000",
            "interestIncome": "20245000",
            "interestExpense": "13409000",
            "nonInterestIncome": "None",
            "otherNonOperatingIncome": "-12011000",
            "depreciation": "None",
            "depreciationAndAmortization": "59043000",
            "incomeBeforeTax": "-2424000",
            "incomeTaxExpense": "452000",
            "interestAndDebtExpense": "None",
            "netIncomeFromContinuingOperations": "-2876000",
            "comprehensiveIncomeNetOfTax": "None",
            "ebit": "10985000",
            "ebitda": "70028000",
            "netIncome": "84000"
        },
        {
            "fiscalDateEnding": "2021-06-30",
            "reportedCurrency": "USD",
            "grossProfit": "1141064000",
            "totalRevenue": "4680672000",
            "costOfRevenue": "3539608000",
            "costofGoodsAndServicesSold": "3539608000",
            "operatingIncome": "124994000",
            "sellingGeneralAndAdministrative": "221020000",
            "researchAndDevelopment": "326510000",
            "operatingExpenses": "970804000",
            "investmentIncomeNet": "None",
            "netInterestIncome": "-6464000",
            "interestIncome": "70280000",
            "interestExpense": "6464000",
            "nonInterestIncome": "None",
            "otherNonOperatingIncome": "75788000",
            "depreciation": "None",
            "depreciationAndAmortization": "49009000",
            "incomeBeforeTax": "194318000",
            "incomeTaxExpense": "-9360000",
            "interestAndDebtExpense": "None",
            "netIncomeFromContinuingOperations": "203678000",
            "comprehensiveIncomeNetOfTax": "None",
            "ebit": "200782000",
            "ebitda": "249791000",
            "netIncome": "204021000"
        },
        {
            "fiscalDateEnding": "2021-03-31",
            "reportedCurrency": "USD",
            "grossProfit": "963501000",
            "totalRevenue": "5057270000",
            "costOfRevenue": "4093769000",
            "costofGoodsAndServicesSold": "4093769000",
            "operatingIncome": "67736000",
            "sellingGeneralAndAdministrative": "195909000",
            "researchAndDevelopment": "308678000",
            "operatingExpenses": "875905000",
            "investmentIncomeNet": "None",
            "netInterestIncome": "-253000",
            "interestIncome": "29153000",
            "interestExpense": "253000",
            "nonInterestIncome": "None",
            "otherNonOperatingIncome": "-27528000",
            "depreciation": "None",
            "depreciationAndAmortization": "49633000",
            "incomeBeforeTax": "39955000",
            "incomeTaxExpense": "947000",
            "interestAndDebtExpense": "None",
            "netIncomeFromContinuingOperations": "39008000",
            "comprehensiveIncomeNetOfTax": "None",
            "ebit": "40208000",
            "ebitda": "89841000",
            "netIncome": "39008000"
        },
        {
            "fiscalDateEnding": "2020-12-31",
            "reportedCurrency": "USD",
            "grossProfit": "803690000",
            "totalRevenue": "3158970000",
            "costOfRevenue": "2355280000",
            "costofGoodsAndServicesSold": "2355280000",
            "operatingIncome": "45183000",
            "sellingGeneralAndAdministrative": "159420000",
            "researchAndDevelopment": "253448000",
            "operatingExpenses": "758507000",
            "investmentIncomeNet": "None",
            "netInterestIncome": "-17988000",
            "interestIncome": "256311000",
            "interestExpense": "17988000",
            "nonInterestIncome": "None",
            "otherNonOperatingIncome": "271212000",
            "depreciation": "None",
            "depreciationAndAmortization": "1077000",
            "incomeBeforeTax": "298407000",
            "incomeTaxExpense": "4448000",
            "interestAndDebtExpense": "None",
            "netIncomeFromContinuingOperations": "293959000",
            "comprehensiveIncomeNetOfTax": "None",
            "ebit": "357260000",
            "ebitda": "358337000",
            "netIncome": "293959000"
        },
        {
            "fiscalDateEnding": "2020-09-30",
            "reportedCurrency": "USD",
            "grossProfit": "794455000",
            "totalRevenue": "3033874000",
            "costOfRevenue": "2239419000",
            "costofGoodsAndServicesSold": "2239419000",
            "operatingIncome": "49342000",
            "sellingGeneralAndAdministrative": "153902000",
            "researchAndDevelopment": "226567000",
            "operatingExpenses": "745113000",
            "investmentIncomeNet": "None",
            "netInterestIncome": "-14980000",
            "interestIncome": "14980000",
            "interestExpense": "14980000",
            "nonInterestIncome": "None",
            "otherNonOperatingIncome": "784000",
            "depreciation": "None",
            "depreciationAndAmortization": "20624000",
            "incomeBeforeTax": "35146000",
            "incomeTaxExpense": "-1369000",
            "interestAndDebtExpense": "None",
            "netIncomeFromContinuingOperations": "36515000",
            "comprehensiveIncomeNetOfTax": "None",
            "ebit": "49342000",
            "ebitda": "69966000",
            "netIncome": "36515000"
        },
        {
            "fiscalDateEnding": "2020-06-30",
            "reportedCurrency": "USD",
            "grossProfit": "596763000",
            "totalRevenue": "1923625000",
            "costOfRevenue": "1326862000",
            "costofGoodsAndServicesSold": "1326862000",
            "operatingIncome": "-23052000",
            "sellingGeneralAndAdministrative": "136386000",
            "researchAndDevelopment": "206825000",
            "operatingExpenses": "619815000",
            "investmentIncomeNet": "None",
            "netInterestIncome": "-14769000",
            "interestIncome": "6229000",
            "interestExpense": "14769000",
            "nonInterestIncome": "None",
            "otherNonOperatingIncome": "25591000",
            "depreciation": "None",
            "depreciationAndAmortization": "21056000",
            "incomeBeforeTax": "-12230000",
            "incomeTaxExpense": "-752000",
            "interestAndDebtExpense": "None",
            "netIncomeFromContinuingOperations": "-11478000",
            "comprehensiveIncomeNetOfTax": "None",
            "ebit": "19757000",
            "ebitda": "40813000",
            "netIncome": "-11478000"
        },
        {
            "fiscalDateEnding": "2020-03-31",
            "reportedCurrency": "USD",
            "grossProfit": "538501000",
            "totalRevenue": "1381109000",
            "costOfRevenue": "842608000",
            "costofGoodsAndServicesSold": "842608000",
            "operatingIncome": "-90288000",
            "sellingGeneralAndAdministrative": "129495000",
            "researchAndDevelopment": "194986000",
            "operatingExpenses": "628789000",
            "investmentIncomeNet": "None",
            "netInterestIncome": "-9206000",
            "interestIncome": "9206000",
            "interestExpense": "9206000",
            "nonInterestIncome": "None",
            "otherNonOperatingIncome": "-5862000",
            "depreciation": "None",
            "depreciationAndAmortization": "20061000",
            "incomeBeforeTax": "-105356000",
            "incomeTaxExpense": "535000",
            "interestAndDebtExpense": "None",
            "netIncomeFromContinuingOperations": "-105891000",
            "comprehensiveIncomeNetOfTax": "None",
            "ebit": "-96150000",
            "ebitda": "-76089000",
            "netIncome": "-105891000"
        },
        {
            "fiscalDateEnding": "2019-12-31",
            "reportedCurrency": "USD",
            "grossProfit": "527049000",
            "totalRevenue": "1313429000",
            "costOfRevenue": "786380000",
            "costofGoodsAndServicesSold": "786380000",
            "operatingIncome": "17348000",
            "sellingGeneralAndAdministrative": "118164000",
            "researchAndDevelopment": "173284000",
            "operatingExpenses": "509701000",
            "investmentIncomeNet": "None",
            "netInterestIncome": "-6060000",
            "interestIncome": "1919000",
            "interestExpense": "21516000",
            "nonInterestIncome": "None",
            "otherNonOperatingIncome": "None",
            "depreciation": "None",
            "depreciationAndAmortization": "890000",
            "incomeBeforeTax": "391448000",
            "incomeTaxExpense": "508000",
            "interestAndDebtExpense": "None",
            "netIncomeFromContinuingOperations": "390940000",
            "comprehensiveIncomeNetOfTax": "None",
            "ebit": "30632500",
            "ebitda": "31522500",
            "netIncome": "390940000"
        },
        {
            "fiscalDateEnding": "2019-09-30",
            "reportedCurrency": "USD",
            "grossProfit": "500037000",
            "totalRevenue": "1266474000",
            "costOfRevenue": "766437000",
            "costofGoodsAndServicesSold": "766437000",
            "operatingIncome": "32094000",
            "sellingGeneralAndAdministrative": "115980000",
            "researchAndDevelopment": "168771000",
            "operatingExpenses": "467943000",
            "investmentIncomeNet": "None",
            "netInterestIncome": "-5632000",
            "interestIncome": "3170000",
            "interestExpense": "5632000",
            "nonInterestIncome": "None",
            "otherNonOperatingIncome": "5541000",
            "depreciation": "None",
            "depreciationAndAmortization": "26721000",
            "incomeBeforeTax": "32003000",
            "incomeTaxExpense": "2606000",
            "interestAndDebtExpense": "None",
            "netIncomeFromContinuingOperations": "29397000",
            "comprehensiveIncomeNetOfTax": "None",
            "ebit": "30039000",
            "ebitda": "56760000",
            "netIncome": "29397000"
        },
        {
            "fiscalDateEnding": "2019-06-30",
            "reportedCurrency": "USD",
            "grossProfit": "465845000",
            "totalRevenue": "1174238000",
            "costOfRevenue": "708393000",
            "costofGoodsAndServicesSold": "708393000",
            "operatingIncome": "-843000",
            "sellingGeneralAndAdministrative": "100508000",
            "researchAndDevelopment": "174201000",
            "operatingExpenses": "466688000",
            "investmentIncomeNet": "None",
            "netInterestIncome": "-5143000",
            "interestIncome": "9985000",
            "interestExpense": "5143000",
            "nonInterestIncome": "None",
            "otherNonOperatingIncome": "-1230000",
            "depreciation": "None",
            "depreciationAndAmortization": "1294000",
            "incomeBeforeTax": "-7216000",
            "incomeTaxExpense": "-476000",
            "interestAndDebtExpense": "None",
            "netIncomeFromContinuingOperations": "-6740000",
            "comprehensiveIncomeNetOfTax": "None",
            "ebit": "15416000",
            "ebitda": "16710000",
            "netIncome": "-6740000"
        },
        {
            "fiscalDateEnding": "2019-03-31",
            "reportedCurrency": "USD",
            "grossProfit": "396754000",
            "totalRevenue": "959359000",
            "costOfRevenue": "562605000",
            "costofGoodsAndServicesSold": "562605000",
            "operatingIncome": "-22042000",
            "sellingGeneralAndAdministrative": "101598000",
            "researchAndDevelopment": "153559000",
            "operatingExpenses": "418796000",
            "investmentIncomeNet": "None",
            "netInterestIncome": "-4681000",
            "interestIncome": "4681000",
            "interestExpense": "4681000",
            "nonInterestIncome": "None",
            "otherNonOperatingIncome": "-11299000",
            "depreciation": "None",
            "depreciationAndAmortization": "25661000",
            "incomeBeforeTax": "-38022000",
            "incomeTaxExpense": "129000",
            "interestAndDebtExpense": "None",
            "netIncomeFromContinuingOperations": "-38151000",
            "comprehensiveIncomeNetOfTax": "None",
            "ebit": "-40031000",
            "ebitda": "-14370000",
            "netIncome": "-38151000"
        },
        {
            "fiscalDateEnding": "2018-12-31",
            "reportedCurrency": "USD",
            "grossProfit": "380054000",
            "totalRevenue": "932528000",
            "costOfRevenue": "552474000",
            "costofGoodsAndServicesSold": "552474000",
            "operatingIncome": "-3108000",
            "sellingGeneralAndAdministrative": "95445000",
            "researchAndDevelopment": "141811000",
            "operatingExpenses": "383162000",
            "investmentIncomeNet": "None",
            "netInterestIncome": "None",
            "interestIncome": "None",
            "interestExpense": "17982000",
            "nonInterestIncome": "None",
            "otherNonOperatingIncome": "None",
            "depreciation": "None",
            "depreciationAndAmortization": "22638000",
            "incomeBeforeTax": "-27723000",
            "incomeTaxExpense": "481000",
            "interestAndDebtExpense": "None",
            "netIncomeFromContinuingOperations": "-28204000",
            "comprehensiveIncomeNetOfTax": "None",
            "ebit": "21366000",
            "ebitda": "44004000",
            "netIncome": "-28204000"
        },
        {
            "fiscalDateEnding": "2018-09-30",
            "reportedCurrency": "USD",
            "grossProfit": "352660000",
            "totalRevenue": "882108000",
            "costOfRevenue": "529448000",
            "costofGoodsAndServicesSold": "529448000",
            "operatingIncome": "-9867000",
            "sellingGeneralAndAdministrative": "85527000",
            "researchAndDevelopment": "135773000",
            "operatingExpenses": "362527000",
            "investmentIncomeNet": "None",
            "netInterestIncome": "None",
            "interestIncome": "None",
            "interestExpense": "7224000",
            "nonInterestIncome": "None",
            "otherNonOperatingIncome": "37800000",
            "depreciation": "None",
            "depreciationAndAmortization": "15835000",
            "incomeBeforeTax": "20709000",
            "incomeTaxExpense": "1066000",
            "interestAndDebtExpense": "None",
            "netIncomeFromContinuingOperations": "19643000",
            "comprehensiveIncomeNetOfTax": "None",
            "ebit": "27933000",
            "ebitda": "43768000",
            "netIncome": "19643000"
        },
        {
            "fiscalDateEnding": "2018-06-30",
            "reportedCurrency": "USD",
            "grossProfit": "315816000",
            "totalRevenue": "814938000",
            "costOfRevenue": "499122000",
            "costofGoodsAndServicesSold": "499122000",
            "operatingIncome": "-2647000",
            "sellingGeneralAndAdministrative": "82772000",
            "researchAndDevelopment": "114800000",
            "operatingExpenses": "318463000",
            "investmentIncomeNet": "None",
            "netInterestIncome": "None",
            "interestIncome": "None",
            "interestExpense": "2655000",
            "nonInterestIncome": "None",
            "otherNonOperatingIncome": "None",
            "depreciation": "None",
            "depreciationAndAmortization": "12328000",
            "incomeBeforeTax": "-5302000",
            "incomeTaxExpense": "604000",
            "interestAndDebtExpense": "None",
            "netIncomeFromContinuingOperations": "-5902000",
            "comprehensiveIncomeNetOfTax": "None",
            "ebit": "-2647000",
            "ebitda": "9681000",
            "netIncome": "-5906000"
        },
        {
            "fiscalDateEnding": "2018-03-31",
            "reportedCurrency": "USD",
            "grossProfit": "255170000",
            "totalRevenue": "668603000",
            "costOfRevenue": "413433000",
            "costofGoodsAndServicesSold": "413433000",
            "operatingIncome": "-20992000",
            "sellingGeneralAndAdministrative": "75501000",
            "researchAndDevelopment": "105095000",
            "operatingExpenses": "276162000",
            "investmentIncomeNet": "None",
            "netInterestIncome": "None",
            "interestIncome": "None",
            "interestExpense": "2819000",
            "nonInterestIncome": "None",
            "otherNonOperatingIncome": "None",
            "depreciation": "None",
            "depreciationAndAmortization": "10160000",
            "incomeBeforeTax": "-23811000",
            "incomeTaxExpense": "175000",
            "interestAndDebtExpense": "None",
            "netIncomeFromContinuingOperations": "-24011000",
            "comprehensiveIncomeNetOfTax": "None",
            "ebit": "-2961000",
            "ebitda": "7199000",
            "netIncome": "-23986000"
        },
        {
            "fiscalDateEnding": "2017-12-31",
            "reportedCurrency": "USD",
            "grossProfit": "239830000",
            "totalRevenue": "616035000",
            "costOfRevenue": "376205000",
            "costofGoodsAndServicesSold": "376205000",
            "operatingIncome": "-13009000",
            "sellingGeneralAndAdministrative": "66318000",
            "researchAndDevelopment": "92633000",
            "operatingExpenses": "252839000",
            "investmentIncomeNet": "None",
            "netInterestIncome": "None",
            "interestIncome": "None",
            "interestExpense": "8458000",
            "nonInterestIncome": "None",
            "otherNonOperatingIncome": "None",
            "depreciation": "None",
            "depreciationAndAmortization": "9632000",
            "incomeBeforeTax": "-15848000",
            "incomeTaxExpense": "-185000",
            "interestAndDebtExpense": "None",
            "netIncomeFromContinuingOperations": "-49331000",
            "comprehensiveIncomeNetOfTax": "None",
            "ebit": "3824000",
            "ebitda": "13456000",
            "netIncome": "-15663000"
        },
        {
            "fiscalDateEnding": "2017-09-30",
            "reportedCurrency": "USD",
            "grossProfit": "218616000",
            "totalRevenue": "585159000",
            "costOfRevenue": "366543000",
            "costofGoodsAndServicesSold": "366543000",
            "operatingIncome": "-14891000",
            "sellingGeneralAndAdministrative": "64312000",
            "researchAndDevelopment": "82547000",
            "operatingExpenses": "233507000",
            "investmentIncomeNet": "None",
            "netInterestIncome": "None",
            "interestIncome": "None",
            "interestExpense": "1854000",
            "nonInterestIncome": "None",
            "otherNonOperatingIncome": "None",
            "depreciation": "None",
            "depreciationAndAmortization": "9085000",
            "incomeBeforeTax": "-16745000",
            "incomeTaxExpense": "-647000",
            "interestAndDebtExpense": "None",
            "netIncomeFromContinuingOperations": "-16098000",
            "comprehensiveIncomeNetOfTax": "None",
            "ebit": "5002000",
            "ebitda": "14087000",
            "netIncome": "-16098000"
        },
        {
            "fiscalDateEnding": "2017-06-30",
            "reportedCurrency": "USD",
            "grossProfit": "207429000",
            "totalRevenue": "551505000",
            "costOfRevenue": "344076000",
            "costofGoodsAndServicesSold": "344076000",
            "operatingIncome": "-12224000",
            "sellingGeneralAndAdministrative": "62988000",
            "researchAndDevelopment": "78126000",
            "operatingExpenses": "219653000",
            "investmentIncomeNet": "None",
            "netInterestIncome": "None",
            "interestIncome": "None",
            "interestExpense": "3266000",
            "nonInterestIncome": "None",
            "otherNonOperatingIncome": "None",
            "depreciation": "None",
            "depreciationAndAmortization": "9125000",
            "incomeBeforeTax": "-15490000",
            "incomeTaxExpense": "472000",
            "interestAndDebtExpense": "None",
            "netIncomeFromContinuingOperations": "-15990000",
            "comprehensiveIncomeNetOfTax": "None",
            "ebit": "6177000",
            "ebitda": "15302000",
            "netIncome": "-15962000"
        },
        {
            "fiscalDateEnding": "2017-03-31",
            "reportedCurrency": "USD",
            "grossProfit": "173431000",
            "totalRevenue": "461554000",
            "costOfRevenue": "288123000",
            "costofGoodsAndServicesSold": "288123000",
            "operatingIncome": "-14082000",
            "sellingGeneralAndAdministrative": "56935000",
            "researchAndDevelopment": "68582000",
            "operatingExpenses": "187513000",
            "investmentIncomeNet": "None",
            "netInterestIncome": "None",
            "interestIncome": "None",
            "interestExpense": "499000",
            "nonInterestIncome": "None",
            "otherNonOperatingIncome": "None",
            "depreciation": "None",
            "depreciationAndAmortization": "9437000",
            "incomeBeforeTax": "-14581000",
            "incomeTaxExpense": "509000",
            "interestAndDebtExpense": "None",
            "netIncomeFromContinuingOperations": "-15090000",
            "comprehensiveIncomeNetOfTax": "None",
            "ebit": "-2191000",
            "ebitda": "7246000",
            "netIncome": "-15090000"
        },
        {
            "fiscalDateEnding": "2016-12-31",
            "reportedCurrency": "USD",
            "grossProfit": "166525000",
            "totalRevenue": "451917000",
            "costOfRevenue": "285392000",
            "costofGoodsAndServicesSold": "285392000",
            "operatingIncome": "-13978000",
            "sellingGeneralAndAdministrative": "53027000",
            "researchAndDevelopment": "64889000",
            "operatingExpenses": "180503000",
            "investmentIncomeNet": "None",
            "netInterestIncome": "None",
            "interestIncome": "None",
            "interestExpense": "780000",
            "nonInterestIncome": "None",
            "otherNonOperatingIncome": "None",
            "depreciation": "None",
            "depreciationAndAmortization": "9928000",
            "incomeBeforeTax": "-14131000",
            "incomeTaxExpense": "1036000",
            "interestAndDebtExpense": "None",
            "netIncomeFromContinuingOperations": "68963000",
            "comprehensiveIncomeNetOfTax": "None",
            "ebit": "-13978000",
            "ebitda": "-4050000",
            "netIncome": "-15167000"
        },
        {
            "fiscalDateEnding": "2016-09-30",
            "reportedCurrency": "USD",
            "grossProfit": "150314000",
            "totalRevenue": "439002000",
            "costOfRevenue": "288688000",
            "costofGoodsAndServicesSold": "288688000",
            "operatingIncome": "-31982000",
            "sellingGeneralAndAdministrative": "52075000",
            "researchAndDevelopment": "70418000",
            "operatingExpenses": "182296000",
            "investmentIncomeNet": "None",
            "netInterestIncome": "None",
            "interestIncome": "None",
            "interestExpense": "183000",
            "nonInterestIncome": "None",
            "otherNonOperatingIncome": "-294000",
            "depreciation": "None",
            "depreciationAndAmortization": "9681000",
            "incomeBeforeTax": "-32093000",
            "incomeTaxExpense": "230000",
            "interestAndDebtExpense": "None",
            "netIncomeFromContinuingOperations": "-32323000",
            "comprehensiveIncomeNetOfTax": "None",
            "ebit": "-19097000",
            "ebitda": "-9416000",
            "netIncome": "-32323000"
        },
        {
            "fiscalDateEnding": "2016-06-30",
            "reportedCurrency": "USD",
            "grossProfit": "148959000",
            "totalRevenue": "438533000",
            "costOfRevenue": "289574000",
            "costofGoodsAndServicesSold": "289574000",
            "operatingIncome": "-27360000",
            "sellingGeneralAndAdministrative": "50784000",
            "researchAndDevelopment": "68638000",
            "operatingExpenses": "176319000",
            "investmentIncomeNet": "None",
            "netInterestIncome": "None",
            "interestIncome": "None",
            "interestExpense": "129000",
            "nonInterestIncome": "None",
            "otherNonOperatingIncome": "198000",
            "depreciation": "None",
            "depreciationAndAmortization": "222000",
            "incomeBeforeTax": "-27033000",
            "incomeTaxExpense": "312000",
            "interestAndDebtExpense": "None",
            "netIncomeFromContinuingOperations": "-27345000",
            "comprehensiveIncomeNetOfTax": "None",
            "ebit": "-1109000",
            "ebitda": "-887000",
            "netIncome": "-27345000"
        },
        {
            "fiscalDateEnding": "2016-03-31",
            "reportedCurrency": "USD",
            "grossProfit": "110240000",
            "totalRevenue": "379269000",
            "costOfRevenue": "269029000",
            "costofGoodsAndServicesSold": "269029000",
            "operatingIncome": "-97133000",
            "sellingGeneralAndAdministrative": "96107000",
            "researchAndDevelopment": "64592000",
            "operatingExpenses": "207373000",
            "investmentIncomeNet": "None",
            "netInterestIncome": "None",
            "interestIncome": "None",
            "interestExpense": "69000",
            "nonInterestIncome": "None",
            "otherNonOperatingIncome": "786000",
            "depreciation": "None",
            "depreciationAndAmortization": "9118000",
            "incomeBeforeTax": "-96416000",
            "incomeTaxExpense": "339000",
            "interestAndDebtExpense": "None",
            "netIncomeFromContinuingOperations": "-96755000",
            "comprehensiveIncomeNetOfTax": "None",
            "ebit": "-89272000",
            "ebitda": "-80154000",
            "netIncome": "-96755000"
        },
        {
            "fiscalDateEnding": "2015-12-31",
            "reportedCurrency": "USD",
            "grossProfit": "109093000",
            "totalRevenue": "374360000",
            "costOfRevenue": "265267000",
            "costofGoodsAndServicesSold": "265267000",
            "operatingIncome": "-47817000",
            "sellingGeneralAndAdministrative": "45723000",
            "researchAndDevelopment": "59186000",
            "operatingExpenses": "156910000",
            "investmentIncomeNet": "None",
            "netInterestIncome": "None",
            "interestIncome": "None",
            "interestExpense": "1163000",
            "nonInterestIncome": "None",
            "otherNonOperatingIncome": "None",
            "depreciation": "None",
            "depreciationAndAmortization": "9100000",
            "incomeBeforeTax": "-47045000",
            "incomeTaxExpense": "1244000",
            "interestAndDebtExpense": "None",
            "netIncomeFromContinuingOperations": "-179817000",
            "comprehensiveIncomeNetOfTax": "None",
            "ebit": "-34648000",
            "ebitda": "-25548000",
            "netIncome": "-48289000"
        },
        {
            "fiscalDateEnding": "2015-09-30",
            "reportedCurrency": "USD",
            "grossProfit": "96310000",
            "totalRevenue": "332188000",
            "costOfRevenue": "235878000",
            "costofGoodsAndServicesSold": "235878000",
            "operatingIncome": "-52217000",
            "sellingGeneralAndAdministrative": "37820000",
            "researchAndDevelopment": "55020000",
            "operatingExpenses": "148527000",
            "investmentIncomeNet": "None",
            "netInterestIncome": "None",
            "interestIncome": "None",
            "interestExpense": "137000",
            "nonInterestIncome": "None",
            "otherNonOperatingIncome": "None",
            "depreciation": "None",
            "depreciationAndAmortization": "6571000",
            "incomeBeforeTax": "-52998000",
            "incomeTaxExpense": "932000",
            "interestAndDebtExpense": "None",
            "netIncomeFromContinuingOperations": "0",
            "comprehensiveIncomeNetOfTax": "None",
            "ebit": "-36213000",
            "ebitda": "-29642000",
            "netIncome": "-53930000"
        },
        {
            "fiscalDateEnding": "2015-06-30",
            "reportedCurrency": "USD",
            "grossProfit": "90342000",
            "totalRevenue": "310013000",
            "costOfRevenue": "219671000",
            "costofGoodsAndServicesSold": "219671000",
            "operatingIncome": "-28074000",
            "sellingGeneralAndAdministrative": "31804000",
            "researchAndDevelopment": "45887000",
            "operatingExpenses": "118416000",
            "investmentIncomeNet": "None",
            "netInterestIncome": "None",
            "interestIncome": "None",
            "interestExpense": "444000",
            "nonInterestIncome": "None",
            "otherNonOperatingIncome": "None",
            "depreciation": "None",
            "depreciationAndAmortization": "6409000",
            "incomeBeforeTax": "-28468000",
            "incomeTaxExpense": "1152000",
            "interestAndDebtExpense": "None",
            "netIncomeFromContinuingOperations": "0",
            "comprehensiveIncomeNetOfTax": "None",
            "ebit": "-19560000",
            "ebitda": "-13151000",
            "netIncome": "-29620000"
        },
        {
            "fiscalDateEnding": "2015-03-31",
            "reportedCurrency": "USD",
            "grossProfit": "74285000",
            "totalRevenue": "250557000",
            "costOfRevenue": "176272000",
            "costofGoodsAndServicesSold": "176272000",
            "operatingIncome": "-46350000",
            "sellingGeneralAndAdministrative": "28119000",
            "researchAndDevelopment": "39545000",
            "operatingExpenses": "120635000",
            "investmentIncomeNet": "None",
            "netInterestIncome": "None",
            "interestIncome": "None",
            "interestExpense": "414000",
            "nonInterestIncome": "None",
            "otherNonOperatingIncome": "None",
            "depreciation": "None",
            "depreciationAndAmortization": "5546000",
            "incomeBeforeTax": "-47560000",
            "incomeTaxExpense": "418000",
            "interestAndDebtExpense": "None",
            "netIncomeFromContinuingOperations": "0",
            "comprehensiveIncomeNetOfTax": "None",
            "ebit": "-30028000",
            "ebitda": "-24482000",
            "netIncome": "-47978000"
        },
        {
            "fiscalDateEnding": "2014-12-31",
            "reportedCurrency": "USD",
            "grossProfit": "68327000",
            "totalRevenue": "250894000",
            "costOfRevenue": "182567000",
            "costofGoodsAndServicesSold": "182567000",
            "operatingIncome": "-34565000",
            "sellingGeneralAndAdministrative": "25635000",
            "researchAndDevelopment": "39670000",
            "operatingExpenses": "102892000",
            "investmentIncomeNet": "None",
            "netInterestIncome": "None",
            "interestIncome": "None",
            "interestExpense": "443000",
            "nonInterestIncome": "None",
            "otherNonOperatingIncome": "None",
            "depreciation": "None",
            "depreciationAndAmortization": "5743000",
            "incomeBeforeTax": "-35375000",
            "incomeTaxExpense": "1697000",
            "interestAndDebtExpense": "None",
            "netIncomeFromContinuingOperations": "-154093000",
            "comprehensiveIncomeNetOfTax": "None",
            "ebit": "-28310000",
            "ebitda": "-22567000",
            "netIncome": "-37072000"
        },
        {
            "fiscalDateEnding": "2014-09-30",
            "reportedCurrency": "USD",
            "grossProfit": "61139000",
            "totalRevenue": "227420000",
            "costOfRevenue": "166281000",
            "costofGoodsAndServicesSold": "166281000",
            "operatingIncome": "-35991000",
            "sellingGeneralAndAdministrative": "24514000",
            "researchAndDevelopment": "39483000",
            "operatingExpenses": "97130000",
            "investmentIncomeNet": "None",
            "netInterestIncome": "None",
            "interestIncome": "None",
            "interestExpense": "433000",
            "nonInterestIncome": "None",
            "otherNonOperatingIncome": "None",
            "depreciation": "None",
            "depreciationAndAmortization": "5130000",
            "incomeBeforeTax": "-37381000",
            "incomeTaxExpense": "285000",
            "interestAndDebtExpense": "None",
            "netIncomeFromContinuingOperations": "0",
            "comprehensiveIncomeNetOfTax": "None",
            "ebit": "-29133000",
            "ebitda": "-24003000",
            "netIncome": "-37666000"
        },
        {
            "fiscalDateEnding": "2014-06-30",
            "reportedCurrency": "USD",
            "grossProfit": "54544000",
            "totalRevenue": "206796000",
            "costOfRevenue": "152252000",
            "costofGoodsAndServicesSold": "152252000",
            "operatingIncome": "-35590000",
            "sellingGeneralAndAdministrative": "20669000",
            "researchAndDevelopment": "34743000",
            "operatingExpenses": "89460000",
            "investmentIncomeNet": "None",
            "netInterestIncome": "None",
            "interestIncome": "None",
            "interestExpense": "180000",
            "nonInterestIncome": "None",
            "otherNonOperatingIncome": "None",
            "depreciation": "None",
            "depreciationAndAmortization": "3699000",
            "incomeBeforeTax": "-35096000",
            "incomeTaxExpense": "268000",
            "interestAndDebtExpense": "None",
            "netIncomeFromContinuingOperations": "0",
            "comprehensiveIncomeNetOfTax": "None",
            "ebit": "-35590000",
            "ebitda": "-31891000",
            "netIncome": "-35364000"
        },
        {
            "fiscalDateEnding": "2014-03-31",
            "reportedCurrency": "USD",
            "grossProfit": "42336000",
            "totalRevenue": "165082000",
            "costOfRevenue": "122746000",
            "costofGoodsAndServicesSold": "122746000",
            "operatingIncome": "-44345000",
            "sellingGeneralAndAdministrative": "23402000",
            "researchAndDevelopment": "31013000",
            "operatingExpenses": "87135000",
            "investmentIncomeNet": "None",
            "netInterestIncome": "None",
            "interestIncome": "None",
            "interestExpense": "2000",
            "nonInterestIncome": "None",
            "otherNonOperatingIncome": "None",
            "depreciation": "None",
            "depreciationAndAmortization": "3314000",
            "incomeBeforeTax": "-44801000",
            "incomeTaxExpense": "810000",
            "interestAndDebtExpense": "None",
            "netIncomeFromContinuingOperations": "0",
            "comprehensiveIncomeNetOfTax": "None",
            "ebit": "-44345000",
            "ebitda": "-41031000",
            "netIncome": "-43991000"
        },
        {
            "fiscalDateEnding": "2013-12-31",
            "reportedCurrency": "USD",
            "grossProfit": "137057000",
            "totalRevenue": "552433000",
            "costOfRevenue": "415376000",
            "costofGoodsAndServicesSold": "415376000",
            "operatingIncome": "0",
            "sellingGeneralAndAdministrative": "231097000",
            "researchAndDevelopment": "82864000",
            "operatingExpenses": "0",
            "investmentIncomeNet": "None",
            "netInterestIncome": "None",
            "interestIncome": "None",
            "interestExpense": "0",
            "nonInterestIncome": "None",
            "otherNonOperatingIncome": "None",
            "depreciation": "None",
            "depreciationAndAmortization": "None",
            "incomeBeforeTax": "0",
            "incomeTaxExpense": "513000",
            "interestAndDebtExpense": "None",
            "netIncomeFromContinuingOperations": "0",
            "comprehensiveIncomeNetOfTax": "None",
            "ebit": "0",
            "ebitda": "None",
            "netIncome": "0"
        }
    ]
}