{
    "symbol": "TEM",
    "annualReports": [
        {
            "fiscalDateEnding": "2023-12-31",
            "reportedCurrency": "USD",
            "grossProfit": "286175000",
            "totalRevenue": "531822000",
            "costOfRevenue": "245647000",
            "costofGoodsAndServicesSold": "245647000",
            "operatingIncome": "-196083000",
            "sellingGeneralAndAdministrative": "296760000",
            "researchAndDevelopment": "185498000",
            "operatingExpenses": "482258000",
            "investmentIncomeNet": "None",
            "netInterestIncome": "-39268000",
            "interestIncome": "7601000",
            "interestExpense": "46869000",
            "nonInterestIncome": "None",
            "otherNonOperatingIncome": "None",
            "depreciation": "None",
            "depreciationAndAmortization": "33332000",
            "incomeBeforeTax": "-213830000",
            "incomeTaxExpense": "288000",
            "interestAndDebtExpense": "None",
            "netIncomeFromContinuingOperations": "-214118000",
            "comprehensiveIncomeNetOfTax": "None",
            "ebit": "-166660000",
            "ebitda": "-133328000",
            "netIncome": "-214118000"
        },
        {
            "fiscalDateEnding": "2022-12-31",
            "reportedCurrency": "USD",
            "grossProfit": "121682000",
            "totalRevenue": "320668000",
            "costOfRevenue": "198986000",
            "costofGoodsAndServicesSold": "198986000",
            "operatingIncome": "-269143000",
            "sellingGeneralAndAdministrative": "233377000",
            "researchAndDevelopment": "160880000",
            "operatingExpenses": "390825000",
            "investmentIncomeNet": "None",
            "netInterestIncome": "-18862000",
            "interestIncome": "3032000",
            "interestExpense": "21894000",
            "nonInterestIncome": "None",
            "otherNonOperatingIncome": "None",
            "depreciation": "None",
            "depreciationAndAmortization": "30410000",
            "incomeBeforeTax": "-289150000",
            "incomeTaxExpense": "66000",
            "interestAndDebtExpense": "None",
            "netIncomeFromContinuingOperations": "-289811000",
            "comprehensiveIncomeNetOfTax": "None",
            "ebit": "-267256000",
            "ebitda": "-236846000",
            "netIncome": "-289811000"
        },
        {
            "fiscalDateEnding": "2021-12-31",
            "reportedCurrency": "USD",
            "grossProfit": "77389000",
            "totalRevenue": "257853000",
            "costOfRevenue": "180464000",
            "costofGoodsAndServicesSold": "180464000",
            "operatingIncome": "-243979000",
            "sellingGeneralAndAdministrative": "199004000",
            "researchAndDevelopment": "128351000",
            "operatingExpenses": "321368000",
            "investmentIncomeNet": "None",
            "netInterestIncome": "-14561000",
            "interestIncome": "623000",
            "interestExpense": "15184000",
            "nonInterestIncome": "None",
            "otherNonOperatingIncome": "None",
            "depreciation": "None",
            "depreciationAndAmortization": "23881000",
            "incomeBeforeTax": "-258588000",
            "incomeTaxExpense": "604000",
            "interestAndDebtExpense": "None",
            "netIncomeFromContinuingOperations": "-259192000",
            "comprehensiveIncomeNetOfTax": "None",
            "ebit": "-243404000",
            "ebitda": "-219523000",
            "netIncome": "-259192000"
        },
        {
            "fiscalDateEnding": "2020-12-31",
            "reportedCurrency": "USD",
            "grossProfit": "22829000",
            "totalRevenue": "188004000",
            "costOfRevenue": "165175000",
            "costofGoodsAndServicesSold": "165175000",
            "operatingIncome": "-193932000",
            "sellingGeneralAndAdministrative": "130892000",
            "researchAndDevelopment": "91276000",
            "operatingExpenses": "216761000",
            "investmentIncomeNet": "None",
            "netInterestIncome": "-17434000",
            "interestIncome": "1495000",
            "interestExpense": "18929000",
            "nonInterestIncome": "None",
            "otherNonOperatingIncome": "None",
            "depreciation": "None",
            "depreciationAndAmortization": "23052000",
            "incomeBeforeTax": "-211354000",
            "incomeTaxExpense": "-1500000",
            "interestAndDebtExpense": "None",
            "netIncomeFromContinuingOperations": "-209854000",
            "comprehensiveIncomeNetOfTax": "None",
            "ebit": "-192425000",
            "ebitda": "-169373000",
            "netIncome": "-209854000"
        }
    ],
    "quarterlyReports": [
        {
            "fiscalDateEnding": "2024-09-30",
            "reportedCurrency": "USD",
            "grossProfit": "102774000",
            "totalRevenue": "180929000",
            "costOfRevenue": "78155000",
            "costofGoodsAndServicesSold": "78155000",
            "operatingIncome": "-53616000",
            "sellingGeneralAndAdministrative": "101427000",
            "researchAndDevelopment": "58028000",
            "operatingExpenses": "156390000",
            "investmentIncomeNet": "None",
            "netInterestIncome": "-8972000",
            "interestIncome": "4789000",
            "interestExpense": "13761000",
            "nonInterestIncome": "None",
            "otherNonOperatingIncome": "None",
            "depreciation": "None",
            "depreciationAndAmortization": "9440000",
            "incomeBeforeTax": "-74110000",
            "incomeTaxExpense": "38000",
            "interestAndDebtExpense": "None",
            "netIncomeFromContinuingOperations": "-75840000",
            "comprehensiveIncomeNetOfTax": "None",
            "ebit": "-60349000",
            "ebitda": "-50909000",
            "netIncome": "-75840000"
        },
        {
            "fiscalDateEnding": "2024-06-30",
            "reportedCurrency": "USD",
            "grossProfit": "72391000",
            "totalRevenue": "165969000",
            "costOfRevenue": "93578000",
            "costofGoodsAndServicesSold": "93578000",
            "operatingIncome": "-533491999",
            "sellingGeneralAndAdministrative": "463072000",
            "researchAndDevelopment": "145933000",
            "operatingExpenses": "605883000",
            "investmentIncomeNet": "None",
            "netInterestIncome": "-11577000",
            "interestIncome": "1718000",
            "interestExpense": "13295000",
            "nonInterestIncome": "None",
            "otherNonOperatingIncome": "None",
            "depreciation": "None",
            "depreciationAndAmortization": "9159000",
            "incomeBeforeTax": "-552117000",
            "incomeTaxExpense": "95000",
            "interestAndDebtExpense": "None",
            "netIncomeFromContinuingOperations": "-552212000",
            "comprehensiveIncomeNetOfTax": "None",
            "ebit": "-538822000",
            "ebitda": "-529663000",
            "netIncome": "-552212000"
        },
        {
            "fiscalDateEnding": "2024-03-31",
            "reportedCurrency": "USD",
            "grossProfit": "74809000",
            "totalRevenue": "145820000",
            "costOfRevenue": "71011000",
            "costofGoodsAndServicesSold": "71011000",
            "operatingIncome": "-53274000",
            "sellingGeneralAndAdministrative": "79564000",
            "researchAndDevelopment": "51407000",
            "operatingExpenses": "128083000",
            "investmentIncomeNet": "None",
            "netInterestIncome": "-12207000",
            "interestIncome": "1031000",
            "interestExpense": "13238000",
            "nonInterestIncome": "None",
            "otherNonOperatingIncome": "None",
            "depreciation": "None",
            "depreciationAndAmortization": "9189000",
            "incomeBeforeTax": "-64732000",
            "incomeTaxExpense": "11000",
            "interestAndDebtExpense": "None",
            "netIncomeFromContinuingOperations": "-64743000",
            "comprehensiveIncomeNetOfTax": "None",
            "ebit": "-51494000",
            "ebitda": "-42305000",
            "netIncome": "-64742999"
        },
        {
            "fiscalDateEnding": "2023-12-31",
            "reportedCurrency": "USD",
            "grossProfit": "81548000",
            "totalRevenue": "147724000",
            "costOfRevenue": "66176000",
            "costofGoodsAndServicesSold": "66176000",
            "operatingIncome": "-52295000",
            "sellingGeneralAndAdministrative": "85098000",
            "researchAndDevelopment": "48745000",
            "operatingExpenses": "133843000",
            "investmentIncomeNet": "None",
            "netInterestIncome": "-11887000",
            "interestIncome": "1737000",
            "interestExpense": "13624000",
            "nonInterestIncome": "None",
            "otherNonOperatingIncome": "None",
            "depreciation": "None",
            "depreciationAndAmortization": "8540000",
            "incomeBeforeTax": "-50269000",
            "incomeTaxExpense": "214000",
            "interestAndDebtExpense": "None",
            "netIncomeFromContinuingOperations": "-50483000",
            "comprehensiveIncomeNetOfTax": "None",
            "ebit": "-36645000",
            "ebitda": "-28105000",
            "netIncome": "-50483000"
        },
        {
            "fiscalDateEnding": "2023-09-30",
            "reportedCurrency": "USD",
            "grossProfit": "74027000",
            "totalRevenue": "136057000",
            "costOfRevenue": "62030000",
            "costofGoodsAndServicesSold": "62030000",
            "operatingIncome": "-44789000",
            "sellingGeneralAndAdministrative": "71426000",
            "researchAndDevelopment": "47390000",
            "operatingExpenses": "118816000",
            "investmentIncomeNet": "None",
            "netInterestIncome": "-10859000",
            "interestIncome": "1483000",
            "interestExpense": "12342000",
            "nonInterestIncome": "None",
            "otherNonOperatingIncome": "None",
            "depreciation": "None",
            "depreciationAndAmortization": "8417000",
            "incomeBeforeTax": "-53361000",
            "incomeTaxExpense": "65000",
            "interestAndDebtExpense": "None",
            "netIncomeFromContinuingOperations": "-53426000",
            "comprehensiveIncomeNetOfTax": "None",
            "ebit": "-41019000",
            "ebitda": "-32602000",
            "netIncome": "-53426000"
        },
        {
            "fiscalDateEnding": "2023-06-30",
            "reportedCurrency": "USD",
            "grossProfit": "71649000",
            "totalRevenue": "132417000",
            "costOfRevenue": "60768000",
            "costofGoodsAndServicesSold": "60768000",
            "operatingIncome": "-45138000",
            "sellingGeneralAndAdministrative": "71189000",
            "researchAndDevelopment": "45598000",
            "operatingExpenses": "177555000",
            "investmentIncomeNet": "None",
            "netInterestIncome": "-9755000",
            "interestIncome": "1957000",
            "interestExpense": "11712000",
            "nonInterestIncome": "None",
            "otherNonOperatingIncome": "None",
            "depreciation": "None",
            "depreciationAndAmortization": "None",
            "incomeBeforeTax": "-55659000",
            "incomeTaxExpense": "None",
            "interestAndDebtExpense": "None",
            "netIncomeFromContinuingOperations": "-55832000",
            "comprehensiveIncomeNetOfTax": "None",
            "ebit": "None",
            "ebitda": "None",
            "netIncome": "-55832000"
        },
        {
            "fiscalDateEnding": "2023-03-31",
            "reportedCurrency": "USD",
            "grossProfit": "58951000",
            "totalRevenue": "115624000",
            "costOfRevenue": "56673000",
            "costofGoodsAndServicesSold": "56673000",
            "operatingIncome": "-53861000",
            "sellingGeneralAndAdministrative": "69047000",
            "researchAndDevelopment": "43765000",
            "operatingExpenses": "169485000",
            "investmentIncomeNet": "None",
            "netInterestIncome": "-6767000",
            "interestIncome": "2424000",
            "interestExpense": "9191000",
            "nonInterestIncome": "None",
            "otherNonOperatingIncome": "None",
            "depreciation": "None",
            "depreciationAndAmortization": "None",
            "incomeBeforeTax": "-54240000",
            "incomeTaxExpense": "None",
            "interestAndDebtExpense": "None",
            "netIncomeFromContinuingOperations": "-54377000",
            "comprehensiveIncomeNetOfTax": "None",
            "ebit": "None",
            "ebitda": "None",
            "netIncome": "-54377000"
        },
        {
            "fiscalDateEnding": "2022-12-31",
            "reportedCurrency": "USD",
            "grossProfit": "48482000",
            "totalRevenue": "100626000",
            "costOfRevenue": "52144000",
            "costofGoodsAndServicesSold": "52144000",
            "operatingIncome": "-58397000",
            "sellingGeneralAndAdministrative": "64438000",
            "researchAndDevelopment": "42441000",
            "operatingExpenses": "159023000",
            "investmentIncomeNet": "None",
            "netInterestIncome": "-7089000",
            "interestIncome": "2143000",
            "interestExpense": "9232000",
            "nonInterestIncome": "None",
            "otherNonOperatingIncome": "None",
            "depreciation": "None",
            "depreciationAndAmortization": "None",
            "incomeBeforeTax": "-65879000",
            "incomeTaxExpense": "None",
            "interestAndDebtExpense": "None",
            "netIncomeFromContinuingOperations": "-66076000",
            "comprehensiveIncomeNetOfTax": "None",
            "ebit": "None",
            "ebitda": "None",
            "netIncome": "-66076000"
        }
    ]
}