{
    "symbol": "TEAM",
    "annualReports": [
        {
            "fiscalDateEnding": "2024-06-30",
            "reportedCurrency": "USD",
            "grossProfit": "3555108000",
            "totalRevenue": "4358603000",
            "costOfRevenue": "803495000",
            "costofGoodsAndServicesSold": "803495000",
            "operatingIncome": "-117077000",
            "sellingGeneralAndAdministrative": "610577000",
            "researchAndDevelopment": "2184111000",
            "operatingExpenses": "3672185000",
            "investmentIncomeNet": "None",
            "netInterestIncome": "62586000",
            "interestIncome": "96663000",
            "interestExpense": "34077000",
            "nonInterestIncome": "None",
            "otherNonOperatingIncome": "None",
            "depreciation": "None",
            "depreciationAndAmortization": "78738000",
            "incomeBeforeTax": "-85407000",
            "incomeTaxExpense": "215112000",
            "interestAndDebtExpense": "None",
            "netIncomeFromContinuingOperations": "-300519000",
            "comprehensiveIncomeNetOfTax": "None",
            "ebit": "-21384000",
            "ebitda": "57354000",
            "netIncome": "-300519000"
        },
        {
            "fiscalDateEnding": "2023-06-30",
            "reportedCurrency": "USD",
            "grossProfit": "2900882000",
            "totalRevenue": "3534647000",
            "costOfRevenue": "633765000",
            "costofGoodsAndServicesSold": "633765000",
            "operatingIncome": "-345222000",
            "sellingGeneralAndAdministrative": "738101000",
            "researchAndDevelopment": "1869881000",
            "operatingExpenses": "3246104000",
            "investmentIncomeNet": "None",
            "netInterestIncome": "19585000",
            "interestIncome": "49732000",
            "interestExpense": "30147000",
            "nonInterestIncome": "None",
            "otherNonOperatingIncome": "None",
            "depreciation": "None",
            "depreciationAndAmortization": "60923000",
            "incomeBeforeTax": "-311136000",
            "incomeTaxExpense": "175625000",
            "interestAndDebtExpense": "None",
            "netIncomeFromContinuingOperations": "-486761000",
            "comprehensiveIncomeNetOfTax": "None",
            "ebit": "-300894000",
            "ebitda": "-239971000",
            "netIncome": "-486761000"
        },
        {
            "fiscalDateEnding": "2022-06-30",
            "reportedCurrency": "USD",
            "grossProfit": "2337175000",
            "totalRevenue": "2802882000",
            "costOfRevenue": "465707000",
            "costofGoodsAndServicesSold": "465707000",
            "operatingIncome": "-106457000",
            "sellingGeneralAndAdministrative": "478373000",
            "researchAndDevelopment": "1397568000",
            "operatingExpenses": "2443632000",
            "investmentIncomeNet": "None",
            "netInterestIncome": "-23527000",
            "interestIncome": "2297000",
            "interestExpense": "41466000",
            "nonInterestIncome": "None",
            "otherNonOperatingIncome": "None",
            "depreciation": "None",
            "depreciationAndAmortization": "51739000",
            "incomeBeforeTax": "-564572000",
            "incomeTaxExpense": "49552000",
            "interestAndDebtExpense": "None",
            "netIncomeFromContinuingOperations": "-614124000",
            "comprehensiveIncomeNetOfTax": "None",
            "ebit": "-426319000",
            "ebitda": "-374580000",
            "netIncome": "-614124000"
        },
        {
            "fiscalDateEnding": "2021-06-30",
            "reportedCurrency": "USD",
            "grossProfit": "1753111000",
            "totalRevenue": "2089132000",
            "costOfRevenue": "336021000",
            "costofGoodsAndServicesSold": "336021000",
            "operatingIncome": "101634000",
            "sellingGeneralAndAdministrative": "315242000",
            "researchAndDevelopment": "963326000",
            "operatingExpenses": "1651477000",
            "investmentIncomeNet": "None",
            "netInterestIncome": "-115539000",
            "interestIncome": "7174000",
            "interestExpense": "92586000",
            "nonInterestIncome": "None",
            "otherNonOperatingIncome": "None",
            "depreciation": "None",
            "depreciationAndAmortization": "92848000",
            "incomeBeforeTax": "-634664000",
            "incomeTaxExpense": "61651000",
            "interestAndDebtExpense": "None",
            "netIncomeFromContinuingOperations": "-696315000",
            "comprehensiveIncomeNetOfTax": "None",
            "ebit": "-511951000",
            "ebitda": "-419103000",
            "netIncome": "-696315000"
        },
        {
            "fiscalDateEnding": "2020-06-30",
            "reportedCurrency": "USD",
            "grossProfit": "1345366000",
            "totalRevenue": "1614173000",
            "costOfRevenue": "268807000",
            "costofGoodsAndServicesSold": "268807000",
            "operatingIncome": "14086000",
            "sellingGeneralAndAdministrative": "268409000",
            "researchAndDevelopment": "763188000",
            "operatingExpenses": "1331280000",
            "investmentIncomeNet": "None",
            "netInterestIncome": "-21809000",
            "interestIncome": "27801000",
            "interestExpense": "49610000",
            "nonInterestIncome": "None",
            "otherNonOperatingIncome": "None",
            "depreciation": "None",
            "depreciationAndAmortization": "97398000",
            "incomeBeforeTax": "-346209000",
            "incomeTaxExpense": "4445000",
            "interestAndDebtExpense": "None",
            "netIncomeFromContinuingOperations": "-350654000",
            "comprehensiveIncomeNetOfTax": "None",
            "ebit": "-296599000",
            "ebitda": "-199201000",
            "netIncome": "-350654000"
        },
        {
            "fiscalDateEnding": "2019-06-30",
            "reportedCurrency": "USD",
            "grossProfit": "999842000",
            "totalRevenue": "1210127000",
            "costOfRevenue": "210285000",
            "costofGoodsAndServicesSold": "210285000",
            "operatingIncome": "-63362000",
            "sellingGeneralAndAdministrative": "215714000",
            "researchAndDevelopment": "579134000",
            "operatingExpenses": "1063204000",
            "investmentIncomeNet": "None",
            "netInterestIncome": "-6741000",
            "interestIncome": "33500000",
            "interestExpense": "40241000",
            "nonInterestIncome": "None",
            "otherNonOperatingIncome": "None",
            "depreciation": "None",
            "depreciationAndAmortization": "70248000",
            "incomeBeforeTax": "-605556000",
            "incomeTaxExpense": "32065000",
            "interestAndDebtExpense": "None",
            "netIncomeFromContinuingOperations": "-637621000",
            "comprehensiveIncomeNetOfTax": "None",
            "ebit": "-565315000",
            "ebitda": "-495067000",
            "netIncome": "-637621000"
        },
        {
            "fiscalDateEnding": "2018-06-30",
            "reportedCurrency": "USD",
            "grossProfit": "701260000",
            "totalRevenue": "873950000",
            "costOfRevenue": "172690000",
            "costofGoodsAndServicesSold": "172690000",
            "operatingIncome": "-53748000",
            "sellingGeneralAndAdministrative": "151242000",
            "researchAndDevelopment": "415776000",
            "operatingExpenses": "755008000",
            "investmentIncomeNet": "None",
            "netInterestIncome": "3071000",
            "interestIncome": "9877000",
            "interestExpense": "6806000",
            "nonInterestIncome": "None",
            "otherNonOperatingIncome": "None",
            "depreciation": "None",
            "depreciationAndAmortization": "79435000",
            "incomeBeforeTax": "-65834000",
            "incomeTaxExpense": "53507000",
            "interestAndDebtExpense": "None",
            "netIncomeFromContinuingOperations": "-119341000",
            "comprehensiveIncomeNetOfTax": "None",
            "ebit": "-51325000",
            "ebitda": "28110000",
            "netIncome": "-119341000"
        },
        {
            "fiscalDateEnding": "2017-06-30",
            "reportedCurrency": "USD",
            "grossProfit": "500775000",
            "totalRevenue": "619936000",
            "costOfRevenue": "119161000",
            "costofGoodsAndServicesSold": "119161000",
            "operatingIncome": "-63086000",
            "sellingGeneralAndAdministrative": "118785000",
            "researchAndDevelopment": "310168000",
            "operatingExpenses": "563861000",
            "investmentIncomeNet": "None",
            "netInterestIncome": "4776000",
            "interestIncome": "4851000",
            "interestExpense": "75000",
            "nonInterestIncome": "None",
            "otherNonOperatingIncome": "None",
            "depreciation": "None",
            "depreciationAndAmortization": "61546000",
            "incomeBeforeTax": "-59652000",
            "incomeTaxExpense": "-17148000",
            "interestAndDebtExpense": "None",
            "netIncomeFromContinuingOperations": "-42504000",
            "comprehensiveIncomeNetOfTax": "None",
            "ebit": "-59652000",
            "ebitda": "1894000",
            "netIncome": "-42504000"
        },
        {
            "fiscalDateEnding": "2016-06-30",
            "reportedCurrency": "USD",
            "grossProfit": "381275000",
            "totalRevenue": "457058000",
            "costOfRevenue": "75783000",
            "costofGoodsAndServicesSold": "75783000",
            "operatingIncome": "-5880000",
            "sellingGeneralAndAdministrative": "85458000",
            "researchAndDevelopment": "208306000",
            "operatingExpenses": "387155000",
            "investmentIncomeNet": "None",
            "netInterestIncome": "2045000",
            "interestIncome": "2421000",
            "interestExpense": "71000",
            "nonInterestIncome": "None",
            "otherNonOperatingIncome": "None",
            "depreciation": "None",
            "depreciationAndAmortization": "21926000",
            "incomeBeforeTax": "-4907000",
            "incomeTaxExpense": "-9280000",
            "interestAndDebtExpense": "None",
            "netIncomeFromContinuingOperations": "4373000",
            "comprehensiveIncomeNetOfTax": "None",
            "ebit": "-4907000",
            "ebitda": "17019000",
            "netIncome": "4373000"
        },
        {
            "fiscalDateEnding": "2015-06-30",
            "reportedCurrency": "USD",
            "grossProfit": "266589000",
            "totalRevenue": "319521000",
            "costOfRevenue": "52932000",
            "costofGoodsAndServicesSold": "52932000",
            "operatingIncome": "417000",
            "sellingGeneralAndAdministrative": "57330000",
            "researchAndDevelopment": "140853000",
            "operatingExpenses": "266172000",
            "investmentIncomeNet": "None",
            "netInterestIncome": "None",
            "interestIncome": "1176000",
            "interestExpense": "74000",
            "nonInterestIncome": "None",
            "otherNonOperatingIncome": "None",
            "depreciation": "None",
            "depreciationAndAmortization": "15511000",
            "incomeBeforeTax": "-749000",
            "incomeTaxExpense": "-7524000",
            "interestAndDebtExpense": "None",
            "netIncomeFromContinuingOperations": "6775000",
            "comprehensiveIncomeNetOfTax": "None",
            "ebit": "-675000",
            "ebitda": "14836000",
            "netIncome": "6775000"
        },
        {
            "fiscalDateEnding": "2014-06-30",
            "reportedCurrency": "USD",
            "grossProfit": "177123000",
            "totalRevenue": "215109000",
            "costOfRevenue": "37986000",
            "costofGoodsAndServicesSold": "37986000",
            "operatingIncome": "22701000",
            "sellingGeneralAndAdministrative": "40814000",
            "researchAndDevelopment": "78640000",
            "operatingExpenses": "154422000",
            "investmentIncomeNet": "None",
            "netInterestIncome": "None",
            "interestIncome": "None",
            "interestExpense": "228000",
            "nonInterestIncome": "None",
            "otherNonOperatingIncome": "None",
            "depreciation": "None",
            "depreciationAndAmortization": "13316000",
            "incomeBeforeTax": "22228000",
            "incomeTaxExpense": "3246000",
            "interestAndDebtExpense": "None",
            "netIncomeFromContinuingOperations": "18982000",
            "comprehensiveIncomeNetOfTax": "None",
            "ebit": "22456000",
            "ebitda": "35772000",
            "netIncome": "18982000"
        },
        {
            "fiscalDateEnding": "2013-06-30",
            "reportedCurrency": "USD",
            "grossProfit": "115481000",
            "totalRevenue": "148512000",
            "costOfRevenue": "33031000",
            "costofGoodsAndServicesSold": "33031000",
            "operatingIncome": "13119000",
            "sellingGeneralAndAdministrative": "26266000",
            "researchAndDevelopment": "57301000",
            "operatingExpenses": "102362000",
            "investmentIncomeNet": "None",
            "netInterestIncome": "None",
            "interestIncome": "None",
            "interestExpense": "272000",
            "nonInterestIncome": "None",
            "otherNonOperatingIncome": "None",
            "depreciation": "None",
            "depreciationAndAmortization": "12060000",
            "incomeBeforeTax": "11403000",
            "incomeTaxExpense": "642000",
            "interestAndDebtExpense": "None",
            "netIncomeFromContinuingOperations": "None",
            "comprehensiveIncomeNetOfTax": "None",
            "ebit": "11675000",
            "ebitda": "23735000",
            "netIncome": "10761000"
        }
    ],
    "quarterlyReports": [
        {
            "fiscalDateEnding": "2025-03-31",
            "reportedCurrency": "USD",
            "grossProfit": "1137041000",
            "totalRevenue": "1356716000",
            "costOfRevenue": "219675000",
            "costofGoodsAndServicesSold": "219675000",
            "operatingIncome": "-12456000",
            "sellingGeneralAndAdministrative": "168345000",
            "researchAndDevelopment": "685320000",
            "operatingExpenses": "1149497000",
            "investmentIncomeNet": "None",
            "netInterestIncome": "19963000",
            "interestIncome": "27767000",
            "interestExpense": "37022000",
            "nonInterestIncome": "None",
            "otherNonOperatingIncome": "None",
            "depreciation": "None",
            "depreciationAndAmortization": "26719000",
            "incomeBeforeTax": "-7354000",
            "incomeTaxExpense": "-232713000",
            "interestAndDebtExpense": "None",
            "netIncomeFromContinuingOperations": "-70807000",
            "comprehensiveIncomeNetOfTax": "None",
            "ebit": "-39175000",
            "ebitda": "-12456000",
            "netIncome": "225359000"
        },
        {
            "fiscalDateEnding": "2024-12-31",
            "reportedCurrency": "USD",
            "grossProfit": "1063336000",
            "totalRevenue": "1286463000",
            "costOfRevenue": "223127000",
            "costofGoodsAndServicesSold": "223127000",
            "operatingIncome": "-57479000",
            "sellingGeneralAndAdministrative": "168708000",
            "researchAndDevelopment": "680213000",
            "operatingExpenses": "1120815000",
            "investmentIncomeNet": "None",
            "netInterestIncome": "18295000",
            "interestIncome": "25586000",
            "interestExpense": "7291000",
            "nonInterestIncome": "None",
            "otherNonOperatingIncome": "None",
            "depreciation": "None",
            "depreciationAndAmortization": "23149000",
            "incomeBeforeTax": "-47183000",
            "incomeTaxExpense": "-8975000",
            "interestAndDebtExpense": "None",
            "netIncomeFromContinuingOperations": "-38208000",
            "comprehensiveIncomeNetOfTax": "None",
            "ebit": "-33027000",
            "ebitda": "-9878000",
            "netIncome": "-38208000"
        },
        {
            "fiscalDateEnding": "2024-09-30",
            "reportedCurrency": "USD",
            "grossProfit": "970157000",
            "totalRevenue": "1187781000",
            "costOfRevenue": "217624000",
            "costofGoodsAndServicesSold": "217624000",
            "operatingIncome": "-31978000",
            "sellingGeneralAndAdministrative": "146641000",
            "researchAndDevelopment": "603101000",
            "operatingExpenses": "1002135000",
            "investmentIncomeNet": "None",
            "netInterestIncome": "21246000",
            "interestIncome": "28564000",
            "interestExpense": "7318000",
            "nonInterestIncome": "None",
            "otherNonOperatingIncome": "None",
            "depreciation": "None",
            "depreciationAndAmortization": "22827000",
            "incomeBeforeTax": "-30164000",
            "incomeTaxExpense": "93605000",
            "interestAndDebtExpense": "None",
            "netIncomeFromContinuingOperations": "-123769000",
            "comprehensiveIncomeNetOfTax": "None",
            "ebit": "-30001000",
            "ebitda": "-7174000",
            "netIncome": "-123769000"
        },
        {
            "fiscalDateEnding": "2024-06-30",
            "reportedCurrency": "USD",
            "grossProfit": "910577000",
            "totalRevenue": "1131590000",
            "costOfRevenue": "221013000",
            "costofGoodsAndServicesSold": "221013000",
            "operatingIncome": "-63738000",
            "sellingGeneralAndAdministrative": "152328000",
            "researchAndDevelopment": "587437000",
            "operatingExpenses": "974315000",
            "investmentIncomeNet": "None",
            "netInterestIncome": "19783000",
            "interestIncome": "27430000",
            "interestExpense": "7647000",
            "nonInterestIncome": "None",
            "otherNonOperatingIncome": "None",
            "depreciation": "None",
            "depreciationAndAmortization": "23178000",
            "incomeBeforeTax": "-54119000",
            "incomeTaxExpense": "142800000",
            "interestAndDebtExpense": "None",
            "netIncomeFromContinuingOperations": "-196919000",
            "comprehensiveIncomeNetOfTax": "None",
            "ebit": "-39097000",
            "ebitda": "-15919000",
            "netIncome": "-196919000"
        },
        {
            "fiscalDateEnding": "2024-03-31",
            "reportedCurrency": "USD",
            "grossProfit": "971811000",
            "totalRevenue": "1189128000",
            "costOfRevenue": "217317000",
            "costofGoodsAndServicesSold": "217317000",
            "operatingIncome": "18108000",
            "sellingGeneralAndAdministrative": "157595000",
            "researchAndDevelopment": "575454000",
            "operatingExpenses": "953703000",
            "investmentIncomeNet": "None",
            "netInterestIncome": "12961000",
            "interestIncome": "21414000",
            "interestExpense": "8453000",
            "nonInterestIncome": "None",
            "otherNonOperatingIncome": "None",
            "depreciation": "None",
            "depreciationAndAmortization": "23464000",
            "incomeBeforeTax": "19775000",
            "incomeTaxExpense": "7023000",
            "interestAndDebtExpense": "None",
            "netIncomeFromContinuingOperations": "12752000",
            "comprehensiveIncomeNetOfTax": "None",
            "ebit": "17804000",
            "ebitda": "41268000",
            "netIncome": "12752000"
        },
        {
            "fiscalDateEnding": "2023-12-31",
            "reportedCurrency": "USD",
            "grossProfit": "865574000",
            "totalRevenue": "1060110000",
            "costOfRevenue": "194536000",
            "costofGoodsAndServicesSold": "194536000",
            "operatingIncome": "-49062000",
            "sellingGeneralAndAdministrative": "157344000",
            "researchAndDevelopment": "536779000",
            "operatingExpenses": "914636000",
            "investmentIncomeNet": "None",
            "netInterestIncome": "13592000",
            "interestIncome": "22593000",
            "interestExpense": "9001000",
            "nonInterestIncome": "None",
            "otherNonOperatingIncome": "None",
            "depreciation": "None",
            "depreciationAndAmortization": "17012000",
            "incomeBeforeTax": "-40109000",
            "incomeTaxExpense": "44360000",
            "interestAndDebtExpense": "None",
            "netIncomeFromContinuingOperations": "-84469000",
            "comprehensiveIncomeNetOfTax": "None",
            "ebit": "-38679000",
            "ebitda": "-21667000",
            "netIncome": "-84469000"
        },
        {
            "fiscalDateEnding": "2023-09-30",
            "reportedCurrency": "USD",
            "grossProfit": "799746000",
            "totalRevenue": "977775000",
            "costOfRevenue": "178029000",
            "costofGoodsAndServicesSold": "178029000",
            "operatingIncome": "-18869000",
            "sellingGeneralAndAdministrative": "143310000",
            "researchAndDevelopment": "481738000",
            "operatingExpenses": "818615000",
            "investmentIncomeNet": "None",
            "netInterestIncome": "16250000",
            "interestIncome": "25226000",
            "interestExpense": "8976000",
            "nonInterestIncome": "None",
            "otherNonOperatingIncome": "None",
            "depreciation": "None",
            "depreciationAndAmortization": "15084000",
            "incomeBeforeTax": "-10954000",
            "incomeTaxExpense": "20929000",
            "interestAndDebtExpense": "None",
            "netIncomeFromContinuingOperations": "-31883000",
            "comprehensiveIncomeNetOfTax": "None",
            "ebit": "-9472000",
            "ebitda": "5612000",
            "netIncome": "-31883000"
        },
        {
            "fiscalDateEnding": "2023-06-30",
            "reportedCurrency": "USD",
            "grossProfit": "769322000",
            "totalRevenue": "939098000",
            "costOfRevenue": "169776000",
            "costofGoodsAndServicesSold": "169776000",
            "operatingIncome": "-50389000",
            "sellingGeneralAndAdministrative": "176052000",
            "researchAndDevelopment": "474855000",
            "operatingExpenses": "819711000",
            "investmentIncomeNet": "None",
            "netInterestIncome": "12039000",
            "interestIncome": "20579000",
            "interestExpense": "8540000",
            "nonInterestIncome": "None",
            "otherNonOperatingIncome": "None",
            "depreciation": "None",
            "depreciationAndAmortization": "15304000",
            "incomeBeforeTax": "-45446000",
            "incomeTaxExpense": "13506000",
            "interestAndDebtExpense": "None",
            "netIncomeFromContinuingOperations": "-58952000",
            "comprehensiveIncomeNetOfTax": "None",
            "ebit": "-43794000",
            "ebitda": "-28490000",
            "netIncome": "-58952000"
        },
        {
            "fiscalDateEnding": "2023-03-31",
            "reportedCurrency": "USD",
            "grossProfit": "746801000",
            "totalRevenue": "915453000",
            "costOfRevenue": "168652000",
            "costofGoodsAndServicesSold": "168652000",
            "operatingIncome": "-161567000",
            "sellingGeneralAndAdministrative": "165103000",
            "researchAndDevelopment": "522344000",
            "operatingExpenses": "908368000",
            "investmentIncomeNet": "None",
            "netInterestIncome": "7069000",
            "interestIncome": "15047000",
            "interestExpense": "7978000",
            "nonInterestIncome": "None",
            "otherNonOperatingIncome": "None",
            "depreciation": "None",
            "depreciationAndAmortization": "15523000",
            "incomeBeforeTax": "-155441000",
            "incomeTaxExpense": "53596000",
            "interestAndDebtExpense": "None",
            "netIncomeFromContinuingOperations": "-209037000",
            "comprehensiveIncomeNetOfTax": "None",
            "ebit": "-153545000",
            "ebitda": "-138022000",
            "netIncome": "-209037000"
        },
        {
            "fiscalDateEnding": "2022-12-31",
            "reportedCurrency": "USD",
            "grossProfit": "716759000",
            "totalRevenue": "872704000",
            "costOfRevenue": "155945000",
            "costofGoodsAndServicesSold": "155945000",
            "operatingIncome": "-99239000",
            "sellingGeneralAndAdministrative": "156131000",
            "researchAndDevelopment": "473676000",
            "operatingExpenses": "815998000",
            "investmentIncomeNet": "None",
            "netInterestIncome": "1455000",
            "interestIncome": "8963000",
            "interestExpense": "7508000",
            "nonInterestIncome": "None",
            "otherNonOperatingIncome": "None",
            "depreciation": "None",
            "depreciationAndAmortization": "15476000",
            "incomeBeforeTax": "-104533000",
            "incomeTaxExpense": "100498000",
            "interestAndDebtExpense": "None",
            "netIncomeFromContinuingOperations": "-205031000",
            "comprehensiveIncomeNetOfTax": "None",
            "ebit": "-99239000",
            "ebitda": "-83763000",
            "netIncome": "-205031000"
        },
        {
            "fiscalDateEnding": "2022-09-30",
            "reportedCurrency": "USD",
            "grossProfit": "668000000",
            "totalRevenue": "807392000",
            "costOfRevenue": "139392000",
            "costofGoodsAndServicesSold": "139392000",
            "operatingIncome": "405000",
            "sellingGeneralAndAdministrative": "142893000",
            "researchAndDevelopment": "399006000",
            "operatingExpenses": "702027000",
            "investmentIncomeNet": "None",
            "netInterestIncome": "-978000",
            "interestIncome": "5143000",
            "interestExpense": "6121000",
            "nonInterestIncome": "None",
            "otherNonOperatingIncome": "None",
            "depreciation": "None",
            "depreciationAndAmortization": "14620000",
            "incomeBeforeTax": "-5716000",
            "incomeTaxExpense": "8025000",
            "interestAndDebtExpense": "None",
            "netIncomeFromContinuingOperations": "-13741000",
            "comprehensiveIncomeNetOfTax": "None",
            "ebit": "-34027000",
            "ebitda": "-19407000",
            "netIncome": "-13741000"
        },
        {
            "fiscalDateEnding": "2022-06-30",
            "reportedCurrency": "USD",
            "grossProfit": "626687000",
            "totalRevenue": "759841000",
            "costOfRevenue": "133154000",
            "costofGoodsAndServicesSold": "133154000",
            "operatingIncome": "-63253000",
            "sellingGeneralAndAdministrative": "131632000",
            "researchAndDevelopment": "379000000",
            "operatingExpenses": "689940000",
            "investmentIncomeNet": "None",
            "netInterestIncome": "-5279000",
            "interestIncome": "1332000",
            "interestExpense": "6611000",
            "nonInterestIncome": "None",
            "otherNonOperatingIncome": "None",
            "depreciation": "None",
            "depreciationAndAmortization": "24610000",
            "incomeBeforeTax": "-68859000",
            "incomeTaxExpense": "36604000",
            "interestAndDebtExpense": "None",
            "netIncomeFromContinuingOperations": "-105463000",
            "comprehensiveIncomeNetOfTax": "None",
            "ebit": "-62248000",
            "ebitda": "-37638000",
            "netIncome": "-105463000"
        },
        {
            "fiscalDateEnding": "2022-03-31",
            "reportedCurrency": "USD",
            "grossProfit": "621117000",
            "totalRevenue": "740491000",
            "costOfRevenue": "119374000",
            "costofGoodsAndServicesSold": "119374000",
            "operatingIncome": "-16132000",
            "sellingGeneralAndAdministrative": "122707000",
            "researchAndDevelopment": "363746000",
            "operatingExpenses": "637249000",
            "investmentIncomeNet": "None",
            "netInterestIncome": "-5416000",
            "interestIncome": "608000",
            "interestExpense": "4159000",
            "nonInterestIncome": "None",
            "otherNonOperatingIncome": "None",
            "depreciation": "None",
            "depreciationAndAmortization": "22899000",
            "incomeBeforeTax": "-30557000",
            "incomeTaxExpense": "530000",
            "interestAndDebtExpense": "None",
            "netIncomeFromContinuingOperations": "-31087000",
            "comprehensiveIncomeNetOfTax": "None",
            "ebit": "22237000",
            "ebitda": "45136000",
            "netIncome": "-31087000"
        },
        {
            "fiscalDateEnding": "2021-12-31",
            "reportedCurrency": "USD",
            "grossProfit": "573365000",
            "totalRevenue": "688526000",
            "costOfRevenue": "115161000",
            "costofGoodsAndServicesSold": "115161000",
            "operatingIncome": "-66718000",
            "sellingGeneralAndAdministrative": "130448000",
            "researchAndDevelopment": "374976000",
            "operatingExpenses": "640083000",
            "investmentIncomeNet": "None",
            "netInterestIncome": "-6001000",
            "interestIncome": "77000",
            "interestExpense": "21022000",
            "nonInterestIncome": "None",
            "otherNonOperatingIncome": "None",
            "depreciation": "None",
            "depreciationAndAmortization": "23206000",
            "incomeBeforeTax": "-73038000",
            "incomeTaxExpense": "4434000",
            "interestAndDebtExpense": "None",
            "netIncomeFromContinuingOperations": "-77472000",
            "comprehensiveIncomeNetOfTax": "None",
            "ebit": "-66960000",
            "ebitda": "-43754000",
            "netIncome": "-77472000"
        },
        {
            "fiscalDateEnding": "2021-09-30",
            "reportedCurrency": "USD",
            "grossProfit": "516006000",
            "totalRevenue": "614024000",
            "costOfRevenue": "98018000",
            "costofGoodsAndServicesSold": "98018000",
            "operatingIncome": "39646000",
            "sellingGeneralAndAdministrative": "93586000",
            "researchAndDevelopment": "279846000",
            "operatingExpenses": "476360000",
            "investmentIncomeNet": "None",
            "netInterestIncome": "-6831000",
            "interestIncome": "280000",
            "interestExpense": "11518000",
            "nonInterestIncome": "None",
            "otherNonOperatingIncome": "None",
            "depreciation": "None",
            "depreciationAndAmortization": "23243000",
            "incomeBeforeTax": "-392118000",
            "incomeTaxExpense": "7984000",
            "interestAndDebtExpense": "None",
            "netIncomeFromContinuingOperations": "-400102000",
            "comprehensiveIncomeNetOfTax": "None",
            "ebit": "-385007000",
            "ebitda": "-361764000",
            "netIncome": "-400102000"
        },
        {
            "fiscalDateEnding": "2021-06-30",
            "reportedCurrency": "USD",
            "grossProfit": "461572000",
            "totalRevenue": "559539000",
            "costOfRevenue": "97967000",
            "costofGoodsAndServicesSold": "97967000",
            "operatingIncome": "-7526000",
            "sellingGeneralAndAdministrative": "89740000",
            "researchAndDevelopment": "245929000",
            "operatingExpenses": "469098000",
            "investmentIncomeNet": "None",
            "netInterestIncome": "-7091000",
            "interestIncome": "1008000",
            "interestExpense": "8099000",
            "nonInterestIncome": "None",
            "otherNonOperatingIncome": "None",
            "depreciation": "None",
            "depreciationAndAmortization": "23714000",
            "incomeBeforeTax": "-214018000",
            "incomeTaxExpense": "-945000",
            "interestAndDebtExpense": "None",
            "netIncomeFromContinuingOperations": "-213073000",
            "comprehensiveIncomeNetOfTax": "None",
            "ebit": "-205919000",
            "ebitda": "-182205000",
            "netIncome": "-213073000"
        },
        {
            "fiscalDateEnding": "2021-03-31",
            "reportedCurrency": "USD",
            "grossProfit": "483840000",
            "totalRevenue": "568728000",
            "costOfRevenue": "84888000",
            "costofGoodsAndServicesSold": "84888000",
            "operatingIncome": "69515000",
            "sellingGeneralAndAdministrative": "78184000",
            "researchAndDevelopment": "244098000",
            "operatingExpenses": "414325000",
            "investmentIncomeNet": "None",
            "netInterestIncome": "-9127000",
            "interestIncome": "1464000",
            "interestExpense": "10591000",
            "nonInterestIncome": "None",
            "otherNonOperatingIncome": "None",
            "depreciation": "None",
            "depreciationAndAmortization": "23324000",
            "incomeBeforeTax": "211050000",
            "incomeTaxExpense": "51210000",
            "interestAndDebtExpense": "None",
            "netIncomeFromContinuingOperations": "159840000",
            "comprehensiveIncomeNetOfTax": "None",
            "ebit": "221641000",
            "ebitda": "244965000",
            "netIncome": "159840000"
        },
        {
            "fiscalDateEnding": "2020-12-31",
            "reportedCurrency": "USD",
            "grossProfit": "421877000",
            "totalRevenue": "501359000",
            "costOfRevenue": "79482000",
            "costofGoodsAndServicesSold": "79482000",
            "operatingIncome": "27713000",
            "sellingGeneralAndAdministrative": "75949000",
            "researchAndDevelopment": "241064000",
            "operatingExpenses": "394164000",
            "investmentIncomeNet": "None",
            "netInterestIncome": "-89336000",
            "interestIncome": "2112000",
            "interestExpense": "91448000",
            "nonInterestIncome": "None",
            "otherNonOperatingIncome": "None",
            "depreciation": "None",
            "depreciationAndAmortization": "23185000",
            "incomeBeforeTax": "-607372000",
            "incomeTaxExpense": "14156000",
            "interestAndDebtExpense": "None",
            "netIncomeFromContinuingOperations": "-621528000",
            "comprehensiveIncomeNetOfTax": "None",
            "ebit": "-515924000",
            "ebitda": "-492739000",
            "netIncome": "-621528000"
        },
        {
            "fiscalDateEnding": "2020-09-30",
            "reportedCurrency": "USD",
            "grossProfit": "385822000",
            "totalRevenue": "459506000",
            "costOfRevenue": "73684000",
            "costofGoodsAndServicesSold": "73684000",
            "operatingIncome": "11932000",
            "sellingGeneralAndAdministrative": "71369000",
            "researchAndDevelopment": "232235000",
            "operatingExpenses": "373890000",
            "investmentIncomeNet": "None",
            "netInterestIncome": "-9985000",
            "interestIncome": "2590000",
            "interestExpense": "12575000",
            "nonInterestIncome": "None",
            "otherNonOperatingIncome": "None",
            "depreciation": "None",
            "depreciationAndAmortization": "22625000",
            "incomeBeforeTax": "-24324000",
            "incomeTaxExpense": "-2770000",
            "interestAndDebtExpense": "None",
            "netIncomeFromContinuingOperations": "-21554000",
            "comprehensiveIncomeNetOfTax": "None",
            "ebit": "-11749000",
            "ebitda": "10876000",
            "netIncome": "-21554000"
        },
        {
            "fiscalDateEnding": "2020-06-30",
            "reportedCurrency": "USD",
            "grossProfit": "360364000",
            "totalRevenue": "430476000",
            "costOfRevenue": "70112000",
            "costofGoodsAndServicesSold": "70112000",
            "operatingIncome": "-3280000",
            "sellingGeneralAndAdministrative": "75014000",
            "researchAndDevelopment": "210738000",
            "operatingExpenses": "363644000",
            "investmentIncomeNet": "None",
            "netInterestIncome": "-9094000",
            "interestIncome": "3390000",
            "interestExpense": "12484000",
            "nonInterestIncome": "None",
            "otherNonOperatingIncome": "None",
            "depreciation": "None",
            "depreciationAndAmortization": "22078000",
            "incomeBeforeTax": "-395608000",
            "incomeTaxExpense": "-10385000",
            "interestAndDebtExpense": "None",
            "netIncomeFromContinuingOperations": "-385223000",
            "comprehensiveIncomeNetOfTax": "None",
            "ebit": "-383124000",
            "ebitda": "-361046000",
            "netIncome": "-385223000"
        },
        {
            "fiscalDateEnding": "2020-03-31",
            "reportedCurrency": "USD",
            "grossProfit": "340927000",
            "totalRevenue": "411582000",
            "costOfRevenue": "70655000",
            "costofGoodsAndServicesSold": "70655000",
            "operatingIncome": "-19920000",
            "sellingGeneralAndAdministrative": "72214000",
            "researchAndDevelopment": "204148000",
            "operatingExpenses": "360847000",
            "investmentIncomeNet": "None",
            "netInterestIncome": "-5236000",
            "interestIncome": "7199000",
            "interestExpense": "12435000",
            "nonInterestIncome": "None",
            "otherNonOperatingIncome": "None",
            "depreciation": "None",
            "depreciationAndAmortization": "23683000",
            "incomeBeforeTax": "-166857000",
            "incomeTaxExpense": "-8032000",
            "interestAndDebtExpense": "None",
            "netIncomeFromContinuingOperations": "-158825000",
            "comprehensiveIncomeNetOfTax": "None",
            "ebit": "-154422000",
            "ebitda": "-130739000",
            "netIncome": "-158825000"
        },
        {
            "fiscalDateEnding": "2019-12-31",
            "reportedCurrency": "USD",
            "grossProfit": "342964000",
            "totalRevenue": "408725000",
            "costOfRevenue": "65761000",
            "costofGoodsAndServicesSold": "65761000",
            "operatingIncome": "41841000",
            "sellingGeneralAndAdministrative": "59440000",
            "researchAndDevelopment": "172420000",
            "operatingExpenses": "301123000",
            "investmentIncomeNet": "None",
            "netInterestIncome": "-4264000",
            "interestIncome": "8100000",
            "interestExpense": "12364000",
            "nonInterestIncome": "None",
            "otherNonOperatingIncome": "None",
            "depreciation": "None",
            "depreciationAndAmortization": "26622000",
            "incomeBeforeTax": "141791000",
            "incomeTaxExpense": "17717000",
            "interestAndDebtExpense": "None",
            "netIncomeFromContinuingOperations": "124074000",
            "comprehensiveIncomeNetOfTax": "None",
            "ebit": "154155000",
            "ebitda": "180777000",
            "netIncome": "124074000"
        },
        {
            "fiscalDateEnding": "2019-09-30",
            "reportedCurrency": "USD",
            "grossProfit": "301111000",
            "totalRevenue": "363390000",
            "costOfRevenue": "62279000",
            "costofGoodsAndServicesSold": "62279000",
            "operatingIncome": "-4555000",
            "sellingGeneralAndAdministrative": "61741000",
            "researchAndDevelopment": "175882000",
            "operatingExpenses": "305666000",
            "investmentIncomeNet": "None",
            "netInterestIncome": "-3215000",
            "interestIncome": "9112000",
            "interestExpense": "12327000",
            "nonInterestIncome": "None",
            "otherNonOperatingIncome": "None",
            "depreciation": "None",
            "depreciationAndAmortization": "25015000",
            "incomeBeforeTax": "74465000",
            "incomeTaxExpense": "5145000",
            "interestAndDebtExpense": "None",
            "netIncomeFromContinuingOperations": "69320000",
            "comprehensiveIncomeNetOfTax": "None",
            "ebit": "86792000",
            "ebitda": "111807000",
            "netIncome": "69320000"
        },
        {
            "fiscalDateEnding": "2019-06-30",
            "reportedCurrency": "USD",
            "grossProfit": "273457000",
            "totalRevenue": "334586000",
            "costOfRevenue": "61129000",
            "costofGoodsAndServicesSold": "61129000",
            "operatingIncome": "-32444000",
            "sellingGeneralAndAdministrative": "58980000",
            "researchAndDevelopment": "170321000",
            "operatingExpenses": "305901000",
            "investmentIncomeNet": "None",
            "netInterestIncome": "-945000",
            "interestIncome": "9272000",
            "interestExpense": "10217000",
            "nonInterestIncome": "None",
            "otherNonOperatingIncome": "None",
            "depreciation": "None",
            "depreciationAndAmortization": "15845000",
            "incomeBeforeTax": "-190862000",
            "incomeTaxExpense": "46655000",
            "interestAndDebtExpense": "None",
            "netIncomeFromContinuingOperations": "-237517000",
            "comprehensiveIncomeNetOfTax": "None",
            "ebit": "-180645000",
            "ebitda": "-164800000",
            "netIncome": "-237517000"
        },
        {
            "fiscalDateEnding": "2019-03-31",
            "reportedCurrency": "USD",
            "grossProfit": "255081000",
            "totalRevenue": "309270000",
            "costOfRevenue": "54189000",
            "costofGoodsAndServicesSold": "54189000",
            "operatingIncome": "-27557000",
            "sellingGeneralAndAdministrative": "59025000",
            "researchAndDevelopment": "153069000",
            "operatingExpenses": "282638000",
            "investmentIncomeNet": "None",
            "netInterestIncome": "-800000",
            "interestIncome": "800000",
            "interestExpense": "10103000",
            "nonInterestIncome": "None",
            "otherNonOperatingIncome": "None",
            "depreciation": "None",
            "depreciationAndAmortization": "16303000",
            "incomeBeforeTax": "-201681000",
            "incomeTaxExpense": "1163000",
            "interestAndDebtExpense": "None",
            "netIncomeFromContinuingOperations": "-202844000",
            "comprehensiveIncomeNetOfTax": "None",
            "ebit": "-191579000",
            "ebitda": "-175276000",
            "netIncome": "-202844000"
        },
        {
            "fiscalDateEnding": "2018-12-31",
            "reportedCurrency": "USD",
            "grossProfit": "249197000",
            "totalRevenue": "298979000",
            "costOfRevenue": "49782000",
            "costofGoodsAndServicesSold": "49782000",
            "operatingIncome": "-3169000",
            "sellingGeneralAndAdministrative": "52052000",
            "researchAndDevelopment": "131364000",
            "operatingExpenses": "252366000",
            "investmentIncomeNet": "None",
            "netInterestIncome": "None",
            "interestIncome": "None",
            "interestExpense": "10019000",
            "nonInterestIncome": "None",
            "otherNonOperatingIncome": "None",
            "depreciation": "None",
            "depreciationAndAmortization": "20685000",
            "incomeBeforeTax": "27063000",
            "incomeTaxExpense": "-18122000",
            "interestAndDebtExpense": "None",
            "netIncomeFromContinuingOperations": "45185000",
            "comprehensiveIncomeNetOfTax": "None",
            "ebit": "37082000",
            "ebitda": "57767000",
            "netIncome": "45185000"
        },
        {
            "fiscalDateEnding": "2018-09-30",
            "reportedCurrency": "USD",
            "grossProfit": "222107000",
            "totalRevenue": "267292000",
            "costOfRevenue": "45185000",
            "costofGoodsAndServicesSold": "45185000",
            "operatingIncome": "-192000",
            "sellingGeneralAndAdministrative": "45657000",
            "researchAndDevelopment": "124380000",
            "operatingExpenses": "222299000",
            "investmentIncomeNet": "None",
            "netInterestIncome": "None",
            "interestIncome": "None",
            "interestExpense": "9902000",
            "nonInterestIncome": "None",
            "otherNonOperatingIncome": "None",
            "depreciation": "None",
            "depreciationAndAmortization": "17415000",
            "incomeBeforeTax": "-240076000",
            "incomeTaxExpense": "2369000",
            "interestAndDebtExpense": "None",
            "netIncomeFromContinuingOperations": "-242445000",
            "comprehensiveIncomeNetOfTax": "None",
            "ebit": "-230174000",
            "ebitda": "-212759000",
            "netIncome": "-242445000"
        },
        {
            "fiscalDateEnding": "2018-06-30",
            "reportedCurrency": "USD",
            "grossProfit": "199587000",
            "totalRevenue": "243783000",
            "costOfRevenue": "44196000",
            "costofGoodsAndServicesSold": "44196000",
            "operatingIncome": "-5287000",
            "sellingGeneralAndAdministrative": "44766000",
            "researchAndDevelopment": "111046000",
            "operatingExpenses": "204874000",
            "investmentIncomeNet": "None",
            "netInterestIncome": "None",
            "interestIncome": "None",
            "interestExpense": "6782000",
            "nonInterestIncome": "None",
            "otherNonOperatingIncome": "None",
            "depreciation": "None",
            "depreciationAndAmortization": "17754000",
            "incomeBeforeTax": "-21755000",
            "incomeTaxExpense": "4096000",
            "interestAndDebtExpense": "None",
            "netIncomeFromContinuingOperations": "-25851000",
            "comprehensiveIncomeNetOfTax": "None",
            "ebit": "-14973000",
            "ebitda": "2781000",
            "netIncome": "-25851000"
        },
        {
            "fiscalDateEnding": "2018-03-31",
            "reportedCurrency": "USD",
            "grossProfit": "178483000",
            "totalRevenue": "223723000",
            "costOfRevenue": "45240000",
            "costofGoodsAndServicesSold": "45240000",
            "operatingIncome": "-10880000",
            "sellingGeneralAndAdministrative": "32167000",
            "researchAndDevelopment": "108544000",
            "operatingExpenses": "189363000",
            "investmentIncomeNet": "None",
            "netInterestIncome": "None",
            "interestIncome": "None",
            "interestExpense": "8000",
            "nonInterestIncome": "None",
            "otherNonOperatingIncome": "None",
            "depreciation": "None",
            "depreciationAndAmortization": "20111000",
            "incomeBeforeTax": "-8147000",
            "incomeTaxExpense": "6119000",
            "interestAndDebtExpense": "None",
            "netIncomeFromContinuingOperations": "-14266000",
            "comprehensiveIncomeNetOfTax": "None",
            "ebit": "-8147000",
            "ebitda": "11964000",
            "netIncome": "-14266000"
        },
        {
            "fiscalDateEnding": "2017-12-31",
            "reportedCurrency": "USD",
            "grossProfit": "169462000",
            "totalRevenue": "212626000",
            "costOfRevenue": "43164000",
            "costofGoodsAndServicesSold": "43164000",
            "operatingIncome": "-15256000",
            "sellingGeneralAndAdministrative": "38584000",
            "researchAndDevelopment": "101324000",
            "operatingExpenses": "184718000",
            "investmentIncomeNet": "None",
            "netInterestIncome": "None",
            "interestIncome": "None",
            "interestExpense": "7000",
            "nonInterestIncome": "None",
            "otherNonOperatingIncome": "None",
            "depreciation": "None",
            "depreciationAndAmortization": "20990000",
            "incomeBeforeTax": "-14188000",
            "incomeTaxExpense": "51042000",
            "interestAndDebtExpense": "None",
            "netIncomeFromContinuingOperations": "-51236000",
            "comprehensiveIncomeNetOfTax": "None",
            "ebit": "-14181000",
            "ebitda": "6809000",
            "netIncome": "-65230000"
        },
        {
            "fiscalDateEnding": "2017-09-30",
            "reportedCurrency": "USD",
            "grossProfit": "153728000",
            "totalRevenue": "193818000",
            "costOfRevenue": "40090000",
            "costofGoodsAndServicesSold": "40090000",
            "operatingIncome": "-22325000",
            "sellingGeneralAndAdministrative": "35725000",
            "researchAndDevelopment": "94862000",
            "operatingExpenses": "176053000",
            "investmentIncomeNet": "None",
            "netInterestIncome": "None",
            "interestIncome": "None",
            "interestExpense": "9000",
            "nonInterestIncome": "None",
            "otherNonOperatingIncome": "None",
            "depreciation": "None",
            "depreciationAndAmortization": "20580000",
            "incomeBeforeTax": "-21744000",
            "incomeTaxExpense": "-7750000",
            "interestAndDebtExpense": "None",
            "netIncomeFromContinuingOperations": "-13994000",
            "comprehensiveIncomeNetOfTax": "None",
            "ebit": "-21735000",
            "ebitda": "-1155000",
            "netIncome": "-13994000"
        },
        {
            "fiscalDateEnding": "2017-06-30",
            "reportedCurrency": "USD",
            "grossProfit": "137526000",
            "totalRevenue": "174331000",
            "costOfRevenue": "36805000",
            "costofGoodsAndServicesSold": "36805000",
            "operatingIncome": "-32256000",
            "sellingGeneralAndAdministrative": "33204000",
            "researchAndDevelopment": "90691000",
            "operatingExpenses": "169782000",
            "investmentIncomeNet": "None",
            "netInterestIncome": "None",
            "interestIncome": "None",
            "interestExpense": "24000",
            "nonInterestIncome": "None",
            "otherNonOperatingIncome": "None",
            "depreciation": "None",
            "depreciationAndAmortization": "23766000",
            "incomeBeforeTax": "-31768000",
            "incomeTaxExpense": "-11060000",
            "interestAndDebtExpense": "None",
            "netIncomeFromContinuingOperations": "-25043000",
            "comprehensiveIncomeNetOfTax": "None",
            "ebit": "-30720000",
            "ebitda": "-6954000",
            "netIncome": "-20708000"
        },
        {
            "fiscalDateEnding": "2017-03-31",
            "reportedCurrency": "USD",
            "grossProfit": "127014000",
            "totalRevenue": "159909000",
            "costOfRevenue": "32895000",
            "costofGoodsAndServicesSold": "32895000",
            "operatingIncome": "-23063000",
            "sellingGeneralAndAdministrative": "31190000",
            "researchAndDevelopment": "82262000",
            "operatingExpenses": "150077000",
            "investmentIncomeNet": "None",
            "netInterestIncome": "None",
            "interestIncome": "None",
            "interestExpense": "6000",
            "nonInterestIncome": "None",
            "otherNonOperatingIncome": "None",
            "depreciation": "None",
            "depreciationAndAmortization": "18485000",
            "incomeBeforeTax": "-22521000",
            "incomeTaxExpense": "-5060000",
            "interestAndDebtExpense": "None",
            "netIncomeFromContinuingOperations": "-17461000",
            "comprehensiveIncomeNetOfTax": "None",
            "ebit": "-21481000",
            "ebitda": "-2996000",
            "netIncome": "-17461000"
        },
        {
            "fiscalDateEnding": "2016-12-31",
            "reportedCurrency": "USD",
            "grossProfit": "122010000",
            "totalRevenue": "148909000",
            "costOfRevenue": "26899000",
            "costofGoodsAndServicesSold": "26899000",
            "operatingIncome": "-2639000",
            "sellingGeneralAndAdministrative": "27475000",
            "researchAndDevelopment": "69758000",
            "operatingExpenses": "124649000",
            "investmentIncomeNet": "None",
            "netInterestIncome": "None",
            "interestIncome": "None",
            "interestExpense": "38000",
            "nonInterestIncome": "None",
            "otherNonOperatingIncome": "None",
            "depreciation": "None",
            "depreciationAndAmortization": "11253000",
            "incomeBeforeTax": "-1487000",
            "incomeTaxExpense": "211000",
            "interestAndDebtExpense": "None",
            "netIncomeFromContinuingOperations": "0",
            "comprehensiveIncomeNetOfTax": "None",
            "ebit": "-46000",
            "ebitda": "11207000",
            "netIncome": "-1698000"
        },
        {
            "fiscalDateEnding": "2016-09-30",
            "reportedCurrency": "USD",
            "grossProfit": "114225000",
            "totalRevenue": "136787000",
            "costOfRevenue": "22562000",
            "costofGoodsAndServicesSold": "22562000",
            "operatingIncome": "-5128000",
            "sellingGeneralAndAdministrative": "26915000",
            "researchAndDevelopment": "67458000",
            "operatingExpenses": "119353000",
            "investmentIncomeNet": "None",
            "netInterestIncome": "None",
            "interestIncome": "None",
            "interestExpense": "7000",
            "nonInterestIncome": "None",
            "otherNonOperatingIncome": "None",
            "depreciation": "None",
            "depreciationAndAmortization": "8042000",
            "incomeBeforeTax": "-3876000",
            "incomeTaxExpense": "-1239000",
            "interestAndDebtExpense": "None",
            "netIncomeFromContinuingOperations": "0",
            "comprehensiveIncomeNetOfTax": "None",
            "ebit": "-2554000",
            "ebitda": "5488000",
            "netIncome": "-2637000"
        },
        {
            "fiscalDateEnding": "2016-06-30",
            "reportedCurrency": "USD",
            "grossProfit": "106462000",
            "totalRevenue": "127588000",
            "costOfRevenue": "21126000",
            "costofGoodsAndServicesSold": "21126000",
            "operatingIncome": "-11390000",
            "sellingGeneralAndAdministrative": "26042000",
            "researchAndDevelopment": "60830000",
            "operatingExpenses": "117852000",
            "investmentIncomeNet": "None",
            "netInterestIncome": "None",
            "interestIncome": "None",
            "interestExpense": "9000",
            "nonInterestIncome": "None",
            "otherNonOperatingIncome": "None",
            "depreciation": "None",
            "depreciationAndAmortization": "6342000",
            "incomeBeforeTax": "-10497000",
            "incomeTaxExpense": "-5795000",
            "interestAndDebtExpense": "None",
            "netIncomeFromContinuingOperations": "4373000",
            "comprehensiveIncomeNetOfTax": "None",
            "ebit": "-10488000",
            "ebitda": "-4146000",
            "netIncome": "-4702000"
        },
        {
            "fiscalDateEnding": "2016-03-31",
            "reportedCurrency": "USD",
            "grossProfit": "98178000",
            "totalRevenue": "117942000",
            "costOfRevenue": "19764000",
            "costofGoodsAndServicesSold": "19764000",
            "operatingIncome": "-4935000",
            "sellingGeneralAndAdministrative": "24507000",
            "researchAndDevelopment": "54170000",
            "operatingExpenses": "103113000",
            "investmentIncomeNet": "None",
            "netInterestIncome": "None",
            "interestIncome": "None",
            "interestExpense": "5000",
            "nonInterestIncome": "None",
            "otherNonOperatingIncome": "None",
            "depreciation": "None",
            "depreciationAndAmortization": "5678000",
            "incomeBeforeTax": "-4183000",
            "incomeTaxExpense": "-3111000",
            "interestAndDebtExpense": "None",
            "netIncomeFromContinuingOperations": "0",
            "comprehensiveIncomeNetOfTax": "None",
            "ebit": "-4178000",
            "ebitda": "1500000",
            "netIncome": "-1072000"
        },
        {
            "fiscalDateEnding": "2015-12-31",
            "reportedCurrency": "USD",
            "grossProfit": "91233000",
            "totalRevenue": "109706000",
            "costOfRevenue": "18473000",
            "costofGoodsAndServicesSold": "18473000",
            "operatingIncome": "3367000",
            "sellingGeneralAndAdministrative": "18307000",
            "researchAndDevelopment": "47846000",
            "operatingExpenses": "87866000",
            "investmentIncomeNet": "None",
            "netInterestIncome": "None",
            "interestIncome": "None",
            "interestExpense": "49000",
            "nonInterestIncome": "None",
            "otherNonOperatingIncome": "None",
            "depreciation": "None",
            "depreciationAndAmortization": "5372000",
            "incomeBeforeTax": "3260000",
            "incomeTaxExpense": "-1805000",
            "interestAndDebtExpense": "None",
            "netIncomeFromContinuingOperations": "-5082000",
            "comprehensiveIncomeNetOfTax": "None",
            "ebit": "3309000",
            "ebitda": "8681000",
            "netIncome": "5065000"
        },
        {
            "fiscalDateEnding": "2015-09-30",
            "reportedCurrency": "USD",
            "grossProfit": "85402000",
            "totalRevenue": "101822000",
            "costOfRevenue": "16420000",
            "costofGoodsAndServicesSold": "16420000",
            "operatingIncome": "6612000",
            "sellingGeneralAndAdministrative": "17068000",
            "researchAndDevelopment": "45460000",
            "operatingExpenses": "78790000",
            "investmentIncomeNet": "None",
            "netInterestIncome": "None",
            "interestIncome": "None",
            "interestExpense": "8000",
            "nonInterestIncome": "None",
            "otherNonOperatingIncome": "None",
            "depreciation": "None",
            "depreciationAndAmortization": "4534000",
            "incomeBeforeTax": "6513000",
            "incomeTaxExpense": "1431000",
            "interestAndDebtExpense": "None",
            "netIncomeFromContinuingOperations": "5082000",
            "comprehensiveIncomeNetOfTax": "None",
            "ebit": "6521000",
            "ebitda": "11055000",
            "netIncome": "5082000"
        },
        {
            "fiscalDateEnding": "2015-06-30",
            "reportedCurrency": "USD",
            "grossProfit": "76546000",
            "totalRevenue": "91810000",
            "costOfRevenue": "15264000",
            "costofGoodsAndServicesSold": "15264000",
            "operatingIncome": "-4639000",
            "sellingGeneralAndAdministrative": "18779000",
            "researchAndDevelopment": "43175000",
            "operatingExpenses": "81185000",
            "investmentIncomeNet": "None",
            "netInterestIncome": "None",
            "interestIncome": "None",
            "interestExpense": "10000",
            "nonInterestIncome": "None",
            "otherNonOperatingIncome": "None",
            "depreciation": "None",
            "depreciationAndAmortization": "4559000",
            "incomeBeforeTax": "-2523000",
            "incomeTaxExpense": "-1352000",
            "interestAndDebtExpense": "None",
            "netIncomeFromContinuingOperations": "6775000",
            "comprehensiveIncomeNetOfTax": "None",
            "ebit": "-2513000",
            "ebitda": "2046000",
            "netIncome": "-1171000"
        },
        {
            "fiscalDateEnding": "2015-03-31",
            "reportedCurrency": "USD",
            "grossProfit": "70495000",
            "totalRevenue": "83963000",
            "costOfRevenue": "13468000",
            "costofGoodsAndServicesSold": "13468000",
            "operatingIncome": "-1498000",
            "sellingGeneralAndAdministrative": "15310000",
            "researchAndDevelopment": "36910000",
            "operatingExpenses": "71993000",
            "investmentIncomeNet": "None",
            "netInterestIncome": "None",
            "interestIncome": "None",
            "interestExpense": "32000",
            "nonInterestIncome": "None",
            "otherNonOperatingIncome": "None",
            "depreciation": "None",
            "depreciationAndAmortization": "3813000",
            "incomeBeforeTax": "-2775000",
            "incomeTaxExpense": "-2127000",
            "interestAndDebtExpense": "None",
            "netIncomeFromContinuingOperations": "0",
            "comprehensiveIncomeNetOfTax": "None",
            "ebit": "-2743000",
            "ebitda": "1070000",
            "netIncome": "-648000"
        },
        {
            "fiscalDateEnding": "2014-12-31",
            "reportedCurrency": "USD",
            "grossProfit": "63472000",
            "totalRevenue": "75826000",
            "costOfRevenue": "12354000",
            "costofGoodsAndServicesSold": "12354000",
            "operatingIncome": "4120000",
            "sellingGeneralAndAdministrative": "10821000",
            "researchAndDevelopment": "31543000",
            "operatingExpenses": "59352000",
            "investmentIncomeNet": "None",
            "netInterestIncome": "None",
            "interestIncome": "None",
            "interestExpense": "16000",
            "nonInterestIncome": "None",
            "otherNonOperatingIncome": "None",
            "depreciation": "None",
            "depreciationAndAmortization": "3551000",
            "incomeBeforeTax": "3277000",
            "incomeTaxExpense": "-1734000",
            "interestAndDebtExpense": "None",
            "netIncomeFromContinuingOperations": "0",
            "comprehensiveIncomeNetOfTax": "None",
            "ebit": "3293000",
            "ebitda": "6844000",
            "netIncome": "5011000"
        },
        {
            "fiscalDateEnding": "2014-09-30",
            "reportedCurrency": "USD",
            "grossProfit": "56076000",
            "totalRevenue": "67922000",
            "costOfRevenue": "11846000",
            "costofGoodsAndServicesSold": "11846000",
            "operatingIncome": "2096000",
            "sellingGeneralAndAdministrative": "12758000",
            "researchAndDevelopment": "29225000",
            "operatingExpenses": "53980000",
            "investmentIncomeNet": "None",
            "netInterestIncome": "None",
            "interestIncome": "None",
            "interestExpense": "16000",
            "nonInterestIncome": "None",
            "otherNonOperatingIncome": "None",
            "depreciation": "None",
            "depreciationAndAmortization": "3588000",
            "incomeBeforeTax": "1272000",
            "incomeTaxExpense": "-2311000",
            "interestAndDebtExpense": "None",
            "netIncomeFromContinuingOperations": "0",
            "comprehensiveIncomeNetOfTax": "None",
            "ebit": "1288000",
            "ebitda": "4876000",
            "netIncome": "3583000"
        },
        {
            "fiscalDateEnding": "2014-06-30",
            "reportedCurrency": "USD",
            "grossProfit": "50999000",
            "totalRevenue": "61685000",
            "costOfRevenue": "10686000",
            "costofGoodsAndServicesSold": "10686000",
            "operatingIncome": "2724000",
            "sellingGeneralAndAdministrative": "11968000",
            "researchAndDevelopment": "24722000",
            "operatingExpenses": "48265000",
            "investmentIncomeNet": "None",
            "netInterestIncome": "None",
            "interestIncome": "None",
            "interestExpense": "15000",
            "nonInterestIncome": "None",
            "otherNonOperatingIncome": "None",
            "depreciation": "None",
            "depreciationAndAmortization": "1106750",
            "incomeBeforeTax": "2798000",
            "incomeTaxExpense": "1264000",
            "interestAndDebtExpense": "None",
            "netIncomeFromContinuingOperations": "18982000",
            "comprehensiveIncomeNetOfTax": "None",
            "ebit": "2724000",
            "ebitda": "3830750",
            "netIncome": "4062000"
        },
        {
            "fiscalDateEnding": "2014-03-31",
            "reportedCurrency": "USD",
            "grossProfit": "0",
            "totalRevenue": "55628000",
            "costOfRevenue": "9447000",
            "costofGoodsAndServicesSold": "9447000",
            "operatingIncome": "6759000",
            "sellingGeneralAndAdministrative": "39422000",
            "researchAndDevelopment": "19621000",
            "operatingExpenses": "0",
            "investmentIncomeNet": "None",
            "netInterestIncome": "None",
            "interestIncome": "None",
            "interestExpense": "57000",
            "nonInterestIncome": "None",
            "otherNonOperatingIncome": "None",
            "depreciation": "None",
            "depreciationAndAmortization": "None",
            "incomeBeforeTax": "7129000",
            "incomeTaxExpense": "657000",
            "interestAndDebtExpense": "None",
            "netIncomeFromContinuingOperations": "0",
            "comprehensiveIncomeNetOfTax": "None",
            "ebit": "0",
            "ebitda": "None",
            "netIncome": "6472000"
        },
        {
            "fiscalDateEnding": "2013-12-31",
            "reportedCurrency": "USD",
            "grossProfit": "0",
            "totalRevenue": "50796000",
            "costOfRevenue": "9265000",
            "costofGoodsAndServicesSold": "9265000",
            "operatingIncome": "4209000",
            "sellingGeneralAndAdministrative": "37322000",
            "researchAndDevelopment": "18146000",
            "operatingExpenses": "0",
            "investmentIncomeNet": "None",
            "netInterestIncome": "None",
            "interestIncome": "None",
            "interestExpense": "80000",
            "nonInterestIncome": "None",
            "otherNonOperatingIncome": "None",
            "depreciation": "None",
            "depreciationAndAmortization": "None",
            "incomeBeforeTax": "3823000",
            "incomeTaxExpense": "1283000",
            "interestAndDebtExpense": "None",
            "netIncomeFromContinuingOperations": "0",
            "comprehensiveIncomeNetOfTax": "None",
            "ebit": "0",
            "ebitda": "None",
            "netIncome": "2540000"
        },
        {
            "fiscalDateEnding": "2013-09-30",
            "reportedCurrency": "USD",
            "grossProfit": "0",
            "totalRevenue": "47000000",
            "costOfRevenue": "8588000",
            "costofGoodsAndServicesSold": "8588000",
            "operatingIncome": "8080000",
            "sellingGeneralAndAdministrative": "30332000",
            "researchAndDevelopment": "16151000",
            "operatingExpenses": "0",
            "investmentIncomeNet": "None",
            "netInterestIncome": "None",
            "interestIncome": "None",
            "interestExpense": "76000",
            "nonInterestIncome": "None",
            "otherNonOperatingIncome": "None",
            "depreciation": "None",
            "depreciationAndAmortization": "None",
            "incomeBeforeTax": "8478000",
            "incomeTaxExpense": "2570000",
            "interestAndDebtExpense": "None",
            "netIncomeFromContinuingOperations": "0",
            "comprehensiveIncomeNetOfTax": "None",
            "ebit": "0",
            "ebitda": "None",
            "netIncome": "5908000"
        }
    ]
}